2250 3500
332 119 427 168 350
968 110 1335 160 ἮΡΟΔΟΤΟΤ
1811 109 1938 174 [IV.

330 222 423 260 τες
448 195 628 258 ἐόντες
656 192 1030 272 καρποφόροι·
1060 190 1190 252 τούς
1217 190 1275 248 δὲ
1295 188 1639 264 ἀττελέβους
1657 187 1826 248 ἐπειὶν
1845 191 1943 265 θη-

331 284 595 361 ρεύσωσι,
634 281 930 360 αὖῄναντες
965 280 1107 357 πρὸς
1142 279 1243 338 τᾶν
1269 276 1434 353 ἥλιον
1461 277 1822 348 καταλέουσι,
1849 281 1946 343 καὶ

334 372 522 430 ἔπειτα
550 371 642 428 ἐπὶ
668 369 823 450 γάλα
860 368 1273 452 ἐπιπάσσοντες
1304 366 1552 425 πίνουσι·
1593 369 1858 444 γυναῖκας
1886 367 1946 426 δὲ

332 459 646 536 νομίζοντες
685 458 909 519 πολλοῖς
948 459 1094 534 ἔχειν
1135 457 1386 524 ἕκαστος,
1425 455 1701 513 ἐπίκοινον
1735 453 1954 520 αύτέωις

331 544 436 621 τὴν
489 546 642 622 μίξιν
701 549 985 604 ποιεῦνται
1042 542 1230 623 τρόπῳ
1283 542 1666 620 παραπλησίῳ
1717 545 1797 620 τῷ
1849 544 1946 608 καὶ

332 633 737 713 Μασσαγέται·
768 630 934 691 ἐπεὰν
954 632 1208 691 σκίπωνα
1228 629 1679 708 προστήσωνται,
1705 631 1943 710 μίσγον·-

333 746 447 779 ται·
488 724 711 796 πρῶτον
737 720 805 795 δὴ
832 720 1140 799 γαμέοντος
1158 722 1518 794 Νασαμῶνος
1537 717 1750 793 ἀνδρὸς,
1772 717 1946 794 νόμος

335 809 460 866 ἐστὶ
484 808 589 883 τὴν
617 807 843 884 νύμφην
869 807 1025 866 νυκτὶ
1048 809 1120 885 τῇ
1147 805 1340 884 πρώτῃ
1362 805 1452 864 διαὶ
1477 805 1699 864 πάντων
1733 805 1943 874 διεξελ-

334 896 453 954 θεῖν
479 900 589 955 τῶν
616 894 957 971 δαιτυμόνων
982 894 1350 974 μισγομένην·
1381 895 1494 952 τῶν
1521 893 1580 951 δὲ
1607 891 1677 955 ὦς
1705 893 1945 957 ἔκαστός

336 985 390 1040 οἱ
416 984 613 1062 μιχθῇ,
642 982 786 1041 διδοῖ
810 982 986 1058 δῶρον
1011 980 1076 1041 τό
1106 979 1176 1041 ἂν
1203 982 1303 1060 ἔχῃ
1340 979 1648 1057 φερόμενος
1675 981 1740 1049 ἐξ
1764 982 1940 1041 οἴκου·

334 1068 577 1145 ὁρκίοισι
612 1069 673 1127 δὲ
710 1069 803 1127 καὶ
836 1072 1076 1146 μαντικῇ
1111 1068 1383 1147 χρέωνται
1415 1067 1624 1145 τοιῇδε·
1667 1066 1943 1143 ὀμνύουσι

331 1158 435 1232 μὲν
465 1155 593 1218 τοῦς
628 1155 782 1233 παρὰ
814 1155 991 1231 σφίσι
1028 1155 1230 1234 ἄνδρας
1255 1154 1632 1218 δικαιοτάτους
1658 1157 1752 1214 καὶ
1776 1155 1940 1233 α’,ρίσ-

330 1269 461 1307 τους
486 1245 824 1324 λεγομένους
847 1244 1129 1323 γενέσθαι,
1156 1243 1400 1312 τούτους,
1427 1246 1538 1302 τῶν
1573 1242 1806 1319 τύμβων
1833 1243 1940 1303 αἶπ-

329 1330 575 1408 τόμενοι·
616 1331 981 1409 μαντεύονται
1006 1330 1067 1390 δὲ
1095 1332 1186 1390 ε’πὶ
1216 1334 1329 1390 τῶν
1359 1329 1650 1410 προγόνων
1685 1332 1942 1406 φοιτέον-

334 1445 427 1482 τες
449 1419 521 1480 τὰ
547 1419 795 1496 σήματα,
819 1419 911 1478 καὶ
938 1419 1331 1494 κατευξάμενοι
1357 1419 1940 1494 ἐπικατακοιμέωνται·

333 1507 399 1568 τὸ
427 1508 474 1568 δ’
500 1508 569 1570 ἂν
594 1509 684 1588 ἴδῃ
711 1514 769 1568 ἐν
792 1513 865 1588 τῇ
890 1507 1019 1586 ὄψει
1041 1507 1310 1577 ἐνύπνιον,
1335 1507 1513 1586 τούτῳ
1538 1511 1762 1585 χρᾶται·
1805 1510 1941 1568 πίσ-

329 1621 451 1656 τισι
477 1597 536 1656 δὲ
560 1597 811 1674 τοιῃσίδε
846 1598 1136 1674 χρέωνται·
1178 1599 1240 1654 ἐκ
1263 1599 1364 1670 τῆς
1389 1596 1578 1674 χειρὸς
1603 1594 1746 1654 διδοῖ
1767 1601 1938 1668 πιεῖν,

330 1685 425 1741 καὶ
457 1683 623 1746 αὐτὸς
656 1689 716 1742 ἐκ
747 1687 849 1759 τῆς
883 1687 983 1742 τοῦ
1020 1682 1208 1761 ἐτέρου
1243 1683 1408 1742 πίνει·
1455 1680 1526 1759 ἢν
1557 1683 1616 1740 δὲ
1646 1681 1726 1758 μή
1759 1685 1940 1763 ἔχωσι

327 1769 501 1849 ὖγρόν
540 1771 729 1847 μηδὲν,
772 1774 825 1830 οἱ
865 1770 925 1829 δὲ
962 1775 1065 1846 τῆς
1102 1770 1359 1849 χαμάθεν
1400 1770 1620 1831 σποδοῦ
1655 1772 1940 1848 λαβόντες

330 1859 610 1936 λείχουσι.

236 1946 263 2002 1
276 1945 351 2003 73
437 1948 765 2024 Νασαμῶσι
801 1946 860 2005 δὲ
894 1944 1290 2024 προσόμουροί
1317 1951 1428 2007 εἰσι
1451 1946 1695 2007 Ψύλλοι.
1777 1946 1938 2009 οὗτοι

329 2032 730 2103 ἐξαπολώλασι
781 2033 970 2113 τρόπῳ
1017 2034 1228 2112 τοιῷδε·
1291 2034 1324 2095 ὁ
1377 2034 1537 2097 νότος
1589 2040 1703 2109 σφι
1754 2036 1938 2097 πνέων

328 2120 529 2199 ἄνεμος
566 2121 639 2183 τοὶ
680 2122 885 2199 ἔλυτρα
922 2126 1034 2183 τῶν
1068 2121 1282 2183 ’ὑδάτων
1317 2122 1562 2199 ἐξηύηνε·
1609 2122 1647 2197 ἦ
1683 2122 1745 2181 δὲ
1774 2123 1936 2202 χώρη

328 2216 444 2286 σφι
478 2214 642 2269 πᾶσα
678 2210 832 2273 ἐντός
868 2214 1043 2269 ἐοῦσα
1074 2212 1178 2283 τῆς
1216 2208 1464 2286 Σύρτιος,
1491 2209 1563 2284 ἦν
1587 2209 1837 2288 ἄνυδρος·
1879 2216 1936 2271 οἱ

320 2296 403 2369 δὲ,
430 2296 899 2374 βουλευσάμενοι,
927 2300 1089 2375 κοινῷ
1112 2296 1266 2377 λόγῳ
1293 2296 1688 2374 ἐστρατεύοντο
1715 2299 1809 2357 ἐπὶ
1831 2299 1936 2360 τᾶν

326 2384 514 2444 νότον·
556 2385 728 2464 (λέγω
756 2385 815 2443 δὲ
840 2389 1017 2445 ταῦτα
1041 2384 1114 2445 ταῖ
1142 2385 1381 2463 λέγουσι
1406 2386 1660 2466 Λίβυες·)
1695 2386 1790 2445 καὶ
1811 2389 1939 2447 ἐπεί

326 2496 389 2529 τε
416 2471 661 2551 ἐγίνοντο
691 2476 749 2531 ἐν
772 2474 845 2549 τῇ
872 2472 1101 2551 ψάμμῳ,
1122 2471 1369 2536 πνεύσας
1395 2472 1428 2533 ὁ
1455 2472 1616 2535 νότος
1642 2473 1936 2551 κατέχωσέ

324 2564 528 2633 σφεας·
570 2556 997 2635 ἐξαπολομένων
1032 2560 1091 2617 δὲ
1127 2558 1349 2630 τούτων,
1377 2560 1572 2639 ἔχουσι
1604 2560 1710 2634 τήν
1742 2561 1933 2639 χώρην

233 2647 346 2705 174
367 2648 421 2705 οἱ
456 2649 823 2722 Νασαμῶνες.
906 2646 1128 2707 Τούτων
1162 2646 1224 2706 δὲ
1260 2647 1566 2725 κατύπερθε
1598 2647 1740 2724 πρὸς
1765 2647 1932 2709 νότον

323 2727 543 2810 ἄνεμον,
598 2738 656 2793 ἐν
703 2736 779 2812 τῇ
832 2732 1085 2810 θηριώδεϊ
1137 2734 1385 2796 οἰκέουσι
1429 2733 1808 2812 Γαράμαντες·
1873 2735 1931 2795 οἳ

324 2818 509 2879 πάντα
544 2819 835 2898 ἄνθρωπον
872 2820 1153 2901 φεύγουσι
1179 2822 1272 2881 καὶ
1305 2822 1514 2885 παντός
1541 2822 1790 2898 ὁμιλίην·
1834 2823 1926 2881 καὶ

326 2905 452 2964 οὔτε
498 2905 681 2968 ὅπλον
724 2909 977 2967 ἐκτέαται
1012 2908 1210 2985 ἀρήϊον
1245 2908 1403 2969 οὐδὲν
1445 2908 1573 2970 οὔτε
1613 2909 1928 2986 ἀμύνεσθαι

226 2990 255 3042 1
270 2990 388 3045 75’
362 2993 704 3052 επιστέαται.
810 2992 985 3054 Οὗτοι
1036 2997 1142 3071 μὲν
1194 2995 1263 3070 δὴ
1317 2995 1629 3074 κατύπερθε
1681 2999 1926 3057 οἰκέουσι

324 3077 711 3151 Νασαμώνων·
752 3081 819 3139 vd
857 3080 918 3138 δε
950 3080 1105 3159 παροὶ
1139 3107 1243 3157 την
1280 3082 1638 3145 θάλασσαν’
1610 3110 1834 3163 εχονται
1857 3083 1924 3143 vd

318 3159 459 3229 πρὸς
510 3164 753 3239 ἑσπέρης
791 3166 1007 3226 Μάκαι·
1048 3193 1102 3227 οι
1141 3167 1360 3245 λόφους
1401 3172 1690 3249 κείρονται,
1723 3172 1794 3233 vd
1823 3172 1926 3248 μὲν

318 3241 501 3305 μέσον
522 3250 634 3304 τῶν
658 3254 872 3307 τοιγῶν
904 3251 1145 3315 ἀνιέντες
1170 3254 1444 3319 αυξεσθαι
1467 3284 1539 3316 τα
1565 3258 1682 3315 RQ*
1651 3285 1710 3319 ετ·
1699 3260 1808 3315 ’θεν
1836 3257 1924 3313 καὶ
