2250 3500
325 103 605 168 158-161]
908 107 1361 156 ΜΕΔΠΟΜΕΝΗ.
1827 107 1922 152 345

318 183 601 252 συλλέξας
643 185 889 261 στρατὸν
936 187 1250 265 Αἰγυπτίων
1296 183 1522 245 πολλόν
1572 185 1783 260 ἔπεμπε
1830 183 1922 242 ἐπὶ

313 269 421 346 τήν
448 273 725 346 Κυρήνην·
769 275 820 330 οἱ
858 273 915 330 δὲ
951 277 1256 348 Κυρηναῖοι
1299 271 1836 349 ἐκστρατευσάμενοι
1869 277 1922 333 ἐς

306 357 513 434 Ἴρασα
556 364 738 436 χῶρον
788 361 879 418 καὶ
922 361 1013 418 ἐπὶ
1060 360 1267 436 κρήνην
1314 361 1550 434 Θέστην,
1599 359 1922 436 συνέβαλόν

313 472 377 504 τε
426 450 580 504 τοῖσι
634 448 995 526 Αἰγυπτίοισι
1048 448 1138 504 καὶ
1195 448 1458 521 ἐνίκησαν
1502 451 1573 524 τῇ
1623 449 1917 524 συμβολῇ·

314 531 414 592 ἅτε
464 533 575 614 γοὶρ
629 533 694 592 οὖ
748 536 1144 610 πεπειρημένοι
1195 533 1466 609 πρότερον
1520 537 1573 591 οῖ
1625 533 1920 612 Αἰγύπτιοι

313 619 622 695 Ἑλλήνων,
678 622 769 680 καὶ
820 621 1290 699 παραχρεώμενοι,
1348 621 1733 697 διεφθάρησαν
1779 619 1918 678 οὕτω

310 707 464 782 οὥστε
496 707 683 789 ὀλίγοι
718 711 860 770 τινὲς
888 707 1065 766 αὐτῶν
1094 707 1492 782 ἀπενόστησαν
1527 713 1580 770 ἐς
1611 709 1915 787 Αἴγυπτον.

314 794 437 854 α’,ντὶ
476 795 685 855 τούτων
725 795 1022 875 Αἰγύπτιοι
1065 795 1206 854 κατοὶ
1250 799 1428 854 ταῦτα
1474 793 1920 870 ἐπιμεμφόμενοι

313 881 536 960 Ἀπρίῃ,
567 883 899 958 ἀπέστησαν
926 883 1020 940 ἀπ’
1050 883 1240 940 αὐτοῦ.

395 971 607 1029 Τούτου
634 971 693 1030 δὲ
719 974 819 1031 τοῦ
848 970 1071 1029 Βάττεω
1094 971 1306 1050 γίνεται
1333 967 1462 1031 πάϊς
1485 968 1872 1046 Ἀρκεσίλεως·
1895 971 2010 1028 160

313 1057 376 1121 ὃς
440 1057 802 1134 βασιλεύσας
867 1061 1060 1133 πρῶτα
1124 1061 1278 1116 τοῖσι
1331 1059 1531 1116 ἑωυτοῦ
1585 1056 1918 1133 ἀδελφεοῖσι

314 1147 645 1215 ἐστασίασε,
673 1149 727 1207 ἐς
768 1144 801 1206 ὅ
838 1170 936 1221 μιν
978 1142 1131 1204 οὗτοι
1172 1142 1543 1206 ἀπολιπόντες
1591 1145 1812 1222 οἴχοντο
1861 1149 1917 1206 ἐς

314 1231 499 1292 ἄλλον
540 1239 723 1310 χαῖρον
765 1236 865 1306 τῆς
906 1231 1144 1338 Λιβύης,
1183 1231 1275 1288 καὶ
1319 1229 1402 1288 ἐπ’
1449 1234 1657 1290 ἑωυτῶν
1693 1230 1914 1305 βαλλό-

313 1345 489 1396 μενοι,
519 1321 743 1379 ἔκτισαν
782 1319 950 1378 πόλιν
989 1317 1195 1392 ταύτην
1235 1317 1274 1390 ἢ
1313 1316 1440 1375 τότε
1475 1318 1566 1375 καὶ
1593 1321 1690 1377 νῦν
1720 1316 1913 1392 Βάρκη

316 1408 593 1466 καλέεται·
652 1408 923 1476 κτίζοντες
975 1403 1020 1462 δ
1070 1430 1188 1480 αμα
1242 1403 1413 1478 αὐτὴν
1468 1403 1749 1463 ἀπιστᾶσι
1800 1402 1913 1462 οἷπο

314 1496 427 1551 τῶν
454 1495 778 1569 Κυρηναίων
810 1518 937 1554 τους
973 1491 1207 1566 Λίβυας.
1265 1517 1402 1566 μετα
1441 1491 1517 1560 δὲ,
1544 1490 1914 1564 Ἀρκεσίλεως

317 1583 372 1641 ἐς
422 1579 550 1641 τους
599 1579 1036 1654 ὑποδεξαμένους
1087 1604 1151 1637 τε
1199 1581 1310 1637 τῶν
1361 1577 1588 1653 Λιβύων
1641 1576 1732 1636 καὶ
1779 1575 1912 1634 αἶπο-

315 1667 559 1729 στάντας
610 1669 738 1729 τούς
784 1664 982 1728 αὐτους
1026 1664 1269 1735 τούτους,
1320 1663 1697 1740 ἐστρατεύετο·
1757 1667 1809 1722 οἱ
1856 1664 1916 1722 δὲ

315 1755 529 1828 Λίβυες
580 1754 860 1816 δείσαντες
914 1752 1097 1824 αὐτὸν,
1149 1754 1370 1831 οἴχοντο
1427 1756 1722 1833 φεύγοντες
1777 1752 1915 1829 πρός

314 1839 443 1902 τούς
484 1840 670 1914 ἠοίους
708 1844 819 1899 τῶν
854 1839 1102 1916 Λιβύων·
1152 1839 1183 1899 ὁ
1226 1840 1284 1898 δὲ
1322 1839 1689 1917 Ἀρκεσίλεως
1731 1841 1914 1900 εἵπετο

319 1928 615 2005 φεύγουσι,
646 1932 700 1990 ἐς
732 1926 795 1986 οὗ
836 1932 892 1987 ἐν
928 1926 1180 1986 Λεύκωνί
1211 1952 1273 1986 τε
1312 1932 1412 2001 τῆς
1449 1929 1669 2002 Λιβύης
1701 1929 1910 2006 ἐγίνετο

318 2013 631 2084 ἐπιδιώκων,
680 2015 771 2073 καὶ
826 2015 976 2083 ἔδοξε
1030 2017 1183 2073 τοῖσι
1234 2014 1455 2088 Λίβυσι
1504 2014 1796 2072 ἐπιθέσθαι
1843 2018 1914 2071 οἱ·

319 2100 712 2175 συμβαλόντες
751 2102 810 2160 δὲ
842 2103 1103 2176 ἐνίκησαν
1129 2100 1258 2162 τούς
1286 2099 1630 2176 Κυρηναίους
1655 2104 1912 2173 τοσοῦτο,

320 2186 465 2245 ὥστε
522 2191 973 2266 ἑπτακισχιλίους
1026 2187 1286 2250 ὁπλίτας,
1312 2185 1635 2261 Κυρηναίων
1684 2186 1916 2245 ἐνθαῦτα

317 2275 561 2333 πεσέειν.
641 2275 784 2352 μετὰ
842 2275 900 2333 δὲ
950 2275 1017 2335 τό
1069 2278 1263 2351 τρῶμα
1319 2278 1484 2333 τοῦτο
1545 2273 1917 2349 Ἀρκεσίλεων

317 2362 422 2436 μὲν
462 2361 742 2438 κάμνοντά
778 2388 840 2421 τε
884 2364 976 2421 καὶ
1016 2362 1316 2438 φάρμακον
1355 2359 1650 2419 πεπωκότα
1687 2360 1719 2420 ὅ
1757 2359 1917 2419 οἷδελ-

322 2447 460 2521 φεός
502 2452 757 2528 Λέαρχος
800 2449 1113 2529 ἀποπνίγει·
1175 2448 1433 2526 Λέαρχον
1489 2448 1546 2506 δὲ
1599 2448 1637 2524 ἦ
1687 2448 1826 2529 γυνή
1880 2449 1916 2525 ἦ

318 2532 659 2610 Ἀρκεσίλεω
714 2536 861 2615 δόλῳ
916 2536 1125 2606 κτείνει,
1182 2538 1278 2613 τῇ
1307 2533 1516 2612 οὔνομα
1567 2536 1637 2611 ἦν
1687 2536 1917 2611 Ἐρυξώ.

321 2622 622 2689 Διεδέξατο
650 2623 709 2681 δὲ
734 2625 838 2697 τήν
861 2622 1176 2699 βασιληΐην
1202 2626 1302 2683 τοῦ
1327 2621 1666 2699 Ἀρκεσίλεω
1694 2621 1726 2681 ὅ
1752 2624 1880 2686 πάϊς
1899 2626 2006 2681 161

320 2708 554 2778 Βάττος,
582 2708 765 2788 χωλός
799 2709 901 2770 ἐῶν
933 2710 1025 2767 καὶ
1060 2710 1160 2767 οὐκ
1193 2709 1492 2785 οἷρτίπους.Δ
1555 2712 1610 2767 οἱ
1647 2708 1705 2765 δὲ
1734 2714 1920 2785 Κυρη-

320 2797 469 2856 ναῖοι
508 2797 646 2873 πρὸς
686 2796 789 2871 τὴν
831 2798 1274 2871 καταλαβοῦσαν
1322 2794 1628 2873 συμφορήν
1676 2796 1922 2871 ἔπεμπον

322 2887 379 2946 ἐς
420 2884 685 2959 Δελφοῦς
726 2883 1206 2961 ἐπειρησομένους,
1244 2882 1307 2940 ὅν
1342 2908 1466 2941 τινα
1507 2882 1718 2957 τρόπον
1759 2908 1922 2941 κατα-

322 2969 673 3045 στησάμενοι
728 2968 1013 3029 κάλλιστα
1066 2966 1134 3029 ἂν
1191 2970 1453 3038 οἰκέοιεν,
1523 2968 1560 3043 ἦ
1613 2970 1672 3027 δὲ
1733 2970 1919 3045 Πυθίη

322 3058 542 3115 ἐκέλευε
583 3062 644 3116 ἐκ
689 3060 1002 3133 Μαντινέης
1042 3060 1144 3131 τῆς
1184 3053 1464 3132 Ἀρκάδων
1508 3060 1923 3134 καταρτιστῆρα

322 3142 658 3224 ἀγαγέσθαι.
741 3146 924 3203 αἴτεον
964 3143 1038 3205 ὧν
1078 3145 1134 3202 οἱ
1173 3146 1494 3219 Κυρηναῖοι,
1540 3144 1631 3203 καὶ
1673 3147 1726 3203 οἱ
1765 3150 1922 3205 Μαν-

320 3229 493 3293 τινέες
516 3270 521 3275 -
548 3230 748 3289 ἔδοσαν
796 3228 967 3308 ἄνδρα
1013 3235 1122 3291 τῶν
1171 3228 1355 3289 σῖστῶν
1411 3230 1800 3306 δοκιμώτατον,
1847 3236 1924 3310 τῷ
