2250 3500
327 121 580 188 οσφ-ιοο]
962 125 1287 176 mmmm.
1832 127 1933 176 163

329 203 708 280 Κερκάσωρον
731 201 946 286 πόλιν]
979 210 1033 268 ἐς
1057 205 1118 264 δὲ
1146 205 1465 283 Ναύκρατιν
1490 203 1605 268 α’πὸ
1630 203 1935 282 θαλάσσης

328 292 424 350 καὶ
449 291 732 368 Κανώβου
764 291 855 350 διοὶ
894 292 1088 352 πεδίου
1127 293 1330 365 πλέων,
1358 292 1509 370 ἥξεις
1539 292 1658 355 κατ’
1686 291 1929 354 Ἀνθυλ.

326 377 439 438 λάν
462 405 526 439 τε
549 379 739 451 πόλιν,
767 378 858 438 καὶ
881 379 988 456 τήν
1011 379 1357 459 Ἀρχάνδρου
1385 384 1744 458 καλευμένην·
1790 386 1927 441 Του-
1944 380 2025 442 98

327 466 466 527 τέων
506 467 568 526 δὲ
607 465 648 542 ἠ
688 469 794 542 μὲν
825 465 1142 538 Ἀνθυλλα,
1184 471 1358 527 εὀῦσα
1398 469 1610 548 λογίμη
1648 468 1832 538 πόλις,
1874 473 1930 534 ἐς

326 551 662 632 ύποδῆματα
687 554 962 633 ἐξαίρετος
997 554 1210 614 δίδοται
1245 558 1347 615 τοῦ
1382 556 1489 615 αἰεὶ
1519 555 1929 632 βασιλεύοντος

325 642 615 722 Αἰγύπτου
660 646 734 722 τῇ
776 644 1008 725 γυναικί.
1095 644 1287 723 (τοῦτο
1327 643 1390 703 δὲ
1432 643 1645 724 γίνεται
1687 643 1751 714 ἔξ
1787 643 1929 704 ὅσου

327 727 442 789 ῦπό
490 731 763 810 Πέρσῃσί
805 734 932 791 ἐστι
972 731 1299 812 Αἴγυπτος.)
1378 729 1419 807 η’
1460 731 1522 790 δὲ
1562 730 1721 809 ἑτέρη
1761 731 1930 796 πόλις

329 815 506 878 δοκέει
528 845 630 896 μοι
652 818 720 878 τὰ
739 816 953 895 οὔνομα
973 819 1120 898 ἔχειν
1145 817 1257 878 dvx-6
1276 821 1377 878 τοῦ
1398 823 1626 879 Δαναοῦ
1641 819 1925 901 γαμβροῦ,

327 902 672 985 Ἀρχάνδρου
711 910 814 969 τοῦ
854 906 1046 978 Φθίου,
1086 909 1189 968 τοῦ
1219 904 1473 986 Ἀχαιοῦ·
1516 905 1775 967 καλέεται
1813 906 1926 988 γάρ

331 991 402 1068 δὴ
441 993 786 1074 Ἀρχάνδρου
839 993 1026 1056 πόλις.
1108 994 1195 1070 εἴη
1248 992 1295 1053 δ’
1346 991 1417 1055 ἂν
1468 993 1561 1054 καὶ
1613 993 1791 1059 ἄλλος
1840 1019 1927 1059 τις

321 1077 686 1160 Ἄρχανδρος·
729 1081 796 1142 ού
817 1081 1011 1160 μέντοι
1034 1106 1101 1162 γε
1127 1080 1433 1163 Αἰγύπτιον
1456 1081 1523 1144 τὸ
1550 1081 1779 1160 οὕνομα.

409 1168 599 1248 Μέχρι
638 1171 744 1246 μὲν
783 1167 984 1230 τούτου
1026 1169 1157 1246 ὄψις
1199 1193 1264 1230 τε
1310 1170 1416 1246 ε’μή
1461 1172 1553 1230 καὶ
1595 1170 1791 1251 γνώμη
1831 1169 1923 1230 καὶ
1940 1171 2019 1232 99

329 1257 551 1332 ἱστορίη
575 1261 753 1317 ταῦτα
777 1256 1032 1338 λέγουσά
1059 1261 1201 1317 ε’στι·
1228 1257 1298 1318 vd
1327 1258 1387 1316 δὲ
1414 1256 1528 1317 ‹in-<3
1557 1258 1737 1327 τοῦδε,
1756 1261 1923 1338 Αἰγυ-

328 1343 526 1406 πτίους
548 1345 784 1423 ἔρχομαι
807 1343 1014 1426 λόγους
1040 1346 1206 1422 ἐρέων
1234 1343 1375 1404 κατοὶ
1393 1344 1465 1404 τσῖ
1482 1343 1705 1420 ἤκουον·
1746 1369 1924 1421 προσ·

332 1429 497 1490 ἐσται
523 1429 583 1488 δὲ
608 1430 835 1492 αὐτοῖσί
854 1459 911 1493 τι
937 1433 1030 1492 καὶ
1054 1435 1157 1508 τῆς
1194 1435 1332 1508 έμῆς
1362 1430 1543 1510 ὄψιος.
1623 1429 1725 1490 τόν
1750 1434 1926 1506 Μῆνα

329 1515 432 1578 τᾶν
455 1521 675 1594 πρῶτον
698 1519 1133 1595 βασιλεύσαντα
1158 1517 1460 1600 Αἰγύπτου,
1485 1521 1539 1578 οἱ
1568 1518 1705 1595 ἱρέες
1730 1517 1925 1598 ἔλεγον

326 1609 498 1666 τοῦτο
546 1609 651 1683 μὲν
703 1607 1150 1689 ἀπογεφυρῶσαι
1197 1608 1291 1667 καὶ
1335 1605 1441 1683 τήν
1488 1604 1929 1683 Μέμφιν-τᾶν

327 1693 438 1775 γσῖρ
463 1695 723 1772 ποταμὸν
747 1696 933 1757 πάντα
956 1697 1102 1773 ῥέειν
1119 1695 1275 1774 παρὰ
1299 1695 1365 1757 τό
1392 1693 1522 1773 ὅρος
1544 1694 1611 1756 τὰ
1639 1693 1925 1775 ψάμμινον

328 1776 469 1859 πρός
491 1783 728 1860 Λιβύης,
769 1784 869 1844 τόν
901 1784 963 1845 δὲ
993 1787 1169 1861 Μῆνα
1200 1783 1423 1855 ἄνωθεν,
1460 1782 1599 1845 ὅσον
1632 1808 1695 1844 τε
1732 1783 1927 1844 ἑκατόν

330 1869 639 1935 σταδίους’
602 1897 716 1933 απο
699 1870 1020 1948 Μέμφιος,
1040 1872 1141 1932 τὸν
1160 1871 1301 1949 πρὸς
1318 1869 1740 1950 μεσαμβρίης’
1704 1874 1929 1950 αγκῶνα

329 1958 764 2037 προσχώσαντα,
805 1959 873 2020 r&
911 1985 1016 2037 μεν
1047 1958 1284 2039 α’,ρχαῖον
1315 1961 1544 2036 ῥέεθρον
1582 1956 1928 2033 οἷποξηράναι

328 2044 430 2106 τὸν
473 2046 532 2105 δὲ
575 2046 831 2123 ποταμόν
877 2046 1191 2126 ὀχετεῦσαι,
1234 2046 1299 2107 τὰ
1345 2046 1527 2123 μέσον
1569 2047 1681 2104 τῶν
1728 2042 1931 2118 οὐρέων

329 2133 490 2209 ῥέειν·
530 2134 611 2195 ἔτι
636 2134 698 2195 δὲ
723 2136 816 2194 καὶ
840 2138 939 2195 νῦν
963 2133 1074 2194 ύπὸ
1096 2131 1413 2211 Περσέων*
1380 2158 1411 2192 ο
1431 2129 1616 2211 άγκων
1644 2153 1802 2192 ουτος
1825 2133 1928 2189 τοῦ

330 2224 544 2281 Νείλου
584 2221 646 2286 ὃς
687 2220 1032 2303 ἀπεργμένος
1069 2222 1184 2298 ῥέει
1227 2224 1286 2280 ε’ν
1316 2221 1613 2297 φυλακῇσι
1640 2214 1929 2297 μεγάλῃσι

331 2307 532 2386 ἔχεται,
560 2310 962 2386 φρασσόμενος
990 2307 1096 2369 α’νοὶ
1125 2311 1239 2368 πᾶν
1266 2308 1404 2371 ἔτος·
1448 2310 1497 2367 εἰ
1528 2304 1640 2387 γὰρ
1668 2303 1931 2381 ἐθελήσει

329 2394 501 2471 ῥήξας
538 2396 854 2474 ὖπερβῆναι
893 2396 926 2457 ὅ
965 2396 1218 2474 ποταμὸς
1255 2395 1445 2475 ταύτῃ,
1485 2394 1729 2457 κίνδυνος
1766 2392 1928 2473 πάσῃ

330 2483 540 2559 Μέμφι
565 2486 1025 2561 κατακλυσθῆναί
1045 2484 1345 2549 &arv—“33
1370 2485 1432 2544 δὲ
1454 2487 1533 2563 τῷ
1558 2486 1715 2560 Μῆνι
1749 2481 1927 2561 τούτῳ

328 2574 407 2648 τῷ
445 2571 646 2651 πρώτῳ
682 2573 960 2654 γενομένω
1001 2574 1243 2649 βασιλέϊ
1282 2572 1494 2651 χέρσον
1532 2571 1820 2653 γεγονέναι
1856 2569 1928 2629 τό

329 2655 697 2739 ἀπεργμένον,
719 2664 886 2720 τοῦτο
911 2685 1016 2736 μεν
1041 2665 1100 2719 ἐν
1128 2658 1275 2739 αύτῷ
1298 2661 1468 2720 πόλιν
1488 2659 1678 2718 κτίσαι
1701 2656 1925 2731 ταύτην,

329 2744 450 2821 ἥτις
484 2750 584 2807 νῦν
607 2749 845 2825 Μέμφις
875 2746 1153 2809 καλέεται·
1194 2748 1318 2808 ἔστι
1349 2745 1463 2828 γὰρ
1500 2744 1592 2805 καὶ
1597 2742 1683 2850 Μἦ
1692 2741 1929 2818 Μέμφις

331 2837 390 2893 ἐν
412 2838 492 2913 τῷ
516 2839 715 2914 στεινῷ
738 2839 841 2912 τῆς
873 2834 1179 2916 Αἰγύπτου·
1218 2834 1415 2904 ἔξωθεν
1454 2831 1515 2892 δὲ
1546 2826 1719 2906 αὗτῆς
1746 2854 1931 2906 περιο-

327 2917 491 2997 Ρυξαι
531 2922 792 2999 λίμνην’
765 2947 828 2982 εκ
866 2926 966 2984 τοῦ
1007 2926 1269 2999 ποταμοῦ
1307 2919 1448 2997 πρός
1485 2917 1697 2995 βορέην
1735 2939 1799 2975 τε
1838 2914 1931 2974 καὶ

328 3007 470 3085 πρὸς
497 3010 760 3087 ἕσπέρην·
795 3010 866 3071 τό
901 3008 1012 3091 γάρ
1049 3009 1192 3086 πρὸς
1228 3006 1333 3084 τήν
1358 3006 1441 3083 ἦῶ
1472 3003 1638 3067 αὗτός
1662 3002 1694 3064 ὁ
1721 3006 1933 3067 Νεῖλος

327 3094 582 3177 άπεργει·
620 3100 790 3158 τοῦτο
829 3098 906 3167 δὲ,
946 3102 1047 3157 τοῦ
1082 3097 1411 3173 Ἡφαίστου
1450 3092 1518 3152 τό
1556 3091 1675 3167 ιρὸν
1710 3088 1932 3167 ἱδρύσα-

331 3184 472 3243 σθαι
520 3190 578 3244 ἐν
627 3184 786 3263 αὐτῇ,
829 3184 921 3244 ε’ὁν
960 3183 1109 3265 μέγα
1148 3208 1210 3243 τε
1258 3181 1351 3240 καὶ
1373 3176 1931 3290 ἀξιαπηγητότατον.

331 3271 614 3395 ΜετᾶίΒδὲ
664 3276 880 3341 τοῦτον,
924 3272 1228 3349 κατέλεγον
1275 3270 1330 3327 οἱ
1373 3267 1510 3345 ἱρέες
1553 3270 1615 3325 ἐκ
1660 3264 1894 3343 βύβλου
1912 3262 2029 3323 100
