2250 3500
303 145 1261 201 ’16ἭΡΟΔοΤοΤ
1458 129 1464 135 ’
1830 149 1901 214 [1.

305 220 555 308 εὖτυχέα.
619 227 693 287 w}
715 218 898 289 πάντα
921 229 1026 305 μέν
1042 255 1139 290 νυν
1155 227 1332 291 ταυτα
1358 229 1679 310 συλλαβειν
1698 227 1905 308 ἄνθρω-

304 342 414 375 πον
439 315 599 376 ἐόντα
623 314 939 376 ἅδύνατόν’
914 341 1051 386 εστι,
1073 315 1263 393 ὅσπερ
1287 315 1441 396 χώρη
1457 315 1689 394 οὐδεμία
1708 343 1906 396 καταρ-

306 403 417 461 κέει
455 401 638 463 πάντα
673 406 846 482 ἑωυτῇ
884 403 1227 483 παρέχουσα,
1270 402 1425 463 ἀλλὰ
1461 403 1611 465 ἄλλο
1648 407 1753 483 μὲν
1793 407 1907 484 ἔχει

308 491 493 566 ἐτέρου
519 489 578 548 δὲ
611 489 898 550 ἐπιδέεται·
937 516 974 565 η
950 489 1127 550 ὦδὲ
1093 517 1163 551 αν
1184 490 1258 552 τοὶ
1286 493 1587 551 πλεῖστα”
1558 517 1675 572 εχῃ,
1689 491 1907 602 ”cipio-m

297 576 465 653 αὕτη·
507 603 578 640 ως
607 577 668 637 δὲ
701 577 792 636 καὶ
828 575 1118 664 οἷνθρῶπου
1152 581 1320 655 σῶμα
1356 577 1415 638 εν
1452 576 1607 638 οὐδὲν
1643 577 1909 656 αυταρκές

309 669 450 724 ἐστι·
489 663 558 725 τὸ
582 667 687 742 μὲν
711 664 821 747 γὰρ
849 665 978 744 ἔχει,
1004 663 1187 726 ἄλλου
1214 666 1274 725 δὲ
1299 665 1523 730 ἐνδεές’
1498 690 1639 727 εστι·
1679 691 1742 730 ος
1766 665 1812 726 δ’
1838 664 1908 727 αν

306 751 484 812 αὐτῶν
516 753 816 813 πλεῖστα”
788 777 926 831 εχων
957 751 1229 831 διατελέῃ,
1258 753 1351 812 καὶ
1377 754 1564 813 ἔπειτα
1596 752 1908 834 τελευτήσῃ

309 839 646 918 εὐχαρίστως
663 837 762 899 τόν
779 840 928 914 βίον,
947 835 1108 902 οὗτος
1125 838 1257 916 παρ’
1274 841 1397 917 ἐμοὶ
1415 839 1481 900 τό
1498 839 1905 918 οὕνοματοῦτο,

309 924 354 985 ὦ
375 929 640 1002 βασιλεῦ,
668 925 876 988 δίκαιός
906 931 1030 985 ἐστι
1053 926 1347 1003 φέρεσθαι.
1414 928 1676 988 σκοπέειν
1705 929 1765 986 δὲ
1794 927 1907 1007 χρὴ

307 1013 514 1076 παντός
534 1011 820 1092 χρήματος
843 1012 946 1090 τὴν
969 1011 1235 1088 τελευτὴν
1260 1018 1331 1088 κῆ
1356 1012 1732 1090 ἀποβήσεται·
1767 1020 1908 1075 πολ·-

283 1132 285 1134 ·
309 1105 470 1160 λοῖσι
512 1100 622 1181 γοῖρ
670 1100 737 1176 δὴ
782 1099 1051 1168 ὑποδέξας
1094 1098 1279 1176 ὄλβον
1322 1099 1357 1159 6
1403 1100 1543 1170 θεὸς,
1584 1102 1910 1179 προρρίζους

215 1191 292 1250 33
309 1183 624 1266 οἷνέτρεψε.”
703 1191 892 1248 Ταῦτα
929 1187 1109 1267 λέγων
1148 1191 1226 1266 τῷ
1265 1185 1495 1266 Κροίσῳ
1534 1187 1600 1246 οὔ
1642 1213 1745 1260 κῳς
1784 1187 1909 1249 οὔτε

311 1277 608 1356 ἐχαρίζετο,
636 1273 761 1334 οὔτε
791 1273 967 1354 λόγου
990 1299 1088 1351 μιν
1118 1273 1495 1351 ποιησάμενος
1524 1272 1744 1338 οὖδενός
1773 1274 1909 1336 ἄπο-

313 1365 604 1438 πέμπεται,
633 1362 808 1439 κάρτα
833 1361 996 1431 δόξας
1025 1361 1245 1439 ἀμαθέα
1270 1362 1425 1433 εἶναι,
1452 1361 1515 1426 ὃς
1536 1361 1609 1421 τὰ
1632 1361 1911 1440 παρεόντα

303 1449 498 1531 ἀγαθὰ
535 1451 720 1528 μετεὶς
755 1448 861 1526 τήν
895 1448 1163 1526 τελευτήν
1200 1448 1407 1514 παντὸς
1448 1447 1737 1530 χρήματος
1773 1448 1911 1528 δρᾶν

314 1539 550 1598 ἐκέλευε.

217 1626 294 1684 34
394 1625 558 1685 Μετοὶ
585 1625 645 1685 δὲ
671 1623 901 1690 Σόλωνα
921 1624 1237 1704 οἰχόμενον,
1250 1625 1429 1702 ἔλαβε
1454 1629 1514 1685 ἐκ
1540 1625 1669 1686 θεοῦ
1688 1625 1911 1702 νέμεσις

308 1712 532 1795 μεγάλη
572 1717 841 1791 Κροῖσον·
885 1711 983 1793 (ὥς
1028 1711 1263 1784 εἰκάσαι,
1306 1712 1397 1774 ὅτι
1442 1711 1667 1789 ἐνόμισε
1712 1710 1912 1773 ἑωυτδν

311 1801 450 1861 εἶναι
483 1796 780 1879 οἷνθρόπων
811 1798 1076 1861 ἁπάντων
1095 1800 1493 1883 ὀλβιώτατον)
1534 1800 1731 1861 αὖτίκα
1762 1800 1823 1860 δέ
1856 1802 1912 1859 οἱ

313 1887 522 1949 εὕδοντι
543 1888 757 1970 ἐπέστη,
773 1888 996 1967 ὄνειρος,
1016 1886 1079 1951 ὅς
1099 1891 1152 1948 οἱ
1170 1887 1274 1963 τήν
1292 1886 1567 1964 σ’ληθηΐην
1588 1888 1779 1965 ἔφαινε
1801 1890 1911 1947 τῶν

308 1976 633 2054 μελλόντων
655 1977 920 2058 γενέσθαι
945 1979 1128 2036 κακῶν
1148 1975 1289 2037 κατὰ
1311 1974 1411 2036 τὸν
1434 1975 1625 2034 παῖδα.
1682 1974 1834 2050 ἦσαν
1851 1974 1911 2035 δὲ

308 2067 387 2143 τῷ
422 2065 651 2143 Κροίσω
685 2063 782 2124 δύο
819 2064 1025 2133 παῖδες,
1050 2066 1163 2123 τῶν
1198 2062 1419 2140 οὕτερος
1452 2065 1556 2139 μεν
1590 2060 1909 2140 διέφθαρτο,

309 2124 405 2233 (ἤιν
426 2178 536 2233 γαρ
563 2151 632 2227 δῆ
659 2150 944 2234 κωφός)ε
909 2179 942 2211 ο
968 2151 1084 2211 δὲ’
1054 2176 1237 2230 ετερος
1259 2154 1370 2211 τῶν
1395 2149 1605 2226 ἡλίκων
1627 2154 1820 2228 μακρῷ
1840 2148 1915 2209 τοὶ

309 2239 490 2300 πάντα
515 2266 748 2317 πρωτος·
790 2240 1001 2317 οὕνομα
1025 2239 1089 2298 δέ
1119 2243 1173 2299 οἱ
1196 2237 1267 2315 ἦν
1286 2237 1478 2302 ''Aa-vs·-
1516 2240 1715 2298 τοῦτον
1745 2236 1881 2313 δῆ’
1842 2262 1917 2298 ων

309 2326 410 2399 τᾶν
430 2325 606 2387 Ἀτυν
632 2328 892 2403 σημαίνει
921 2330 999 2405 τῷ
1023 2326 1254 2407 Κροίσω
1281 2325 1313 2385 6
1339 2324 1561 2402 ὄνειρος,
1592 2350 1663 2385 ως
1687 2322 1917 2383 οἷπολέει

310 2438 410 2489 μιν
442 2417 620 2492 αἰχμῇ
645 2414 876 2492 σιδηρέῃ
907 2413 1217 2488 βληθέντα·
1259 2412 1292 2472 6
1320 2412 1379 2471 δὲ
1413 2412 1535 2470 ἐπεί
1559 2434 1633 2469 τε
1656 2409 1917 2489 ἐξεγέρθη

314 2499 408 2559 καὶ
448 2502 624 2578 εωυτῷ
661 2498 836 2581 λόγον
876 2498 1053 2569 ἔδωκε,
1093 2498 1521 2578 καταρρωδήσας
1552 2494 1653 2557 τόν
1686 2494 1914 2574 ὄνειρον,

315 2612 509 2667 αγεται
532 2590 636 2663 μὲν
660 2592 736 2666 τῷ
759 2586 915 2647 παιδὶ
938 2590 1192 2668 γυναῖκα·
1236 2586 1445 2647 ἐωθότα
1470 2585 1531 2645 δε
1554 2585 1918 2665 στρατηγέειν

315 2698 413 2750 μιν
437 2677 548 2734 τῶν
582 2675 777 2735 Λυδῶν
812 2673 1085 2751 οὖδαμῆ”
1055 2700 1136 2737 ετι
1174 2676 1266 2735 ἐπὶ
1300 2678 1521 2735 τοιοῦτο
1545 2676 1781 2753 πρῆγμα
1806 2669 1916 2741 ἐξέ-

313 2784 518 2837 πεμπε·
559 2759 784 2823 ἀκόντια
809 2762 869 2822 δὲ
900 2763 992 2822 καὶ
1016 2758 1246 2849 δορατια
1272 2762 1363 2823 καὶ
1385 2762 1457 2823 τὰ
1480 2764 1713 2822 τοιαῦτα
1734 2757 1919 2819 πάντα

312 2852 466 2909 τοῖσι
481 2850 737 2929 χρέονται
755 2856 809 2914 ἐς
826 2842 1078 2933 πόλεμον
1095 2848 1433 2928 ἄνθρωποι,’
1408 2873 1468 2909 εκ
1482 2850 1593 2908 τῶν
1608 2844 1919 2924 ανδρεῶνων

320 2939 619 3015 ἐκκομίσας
650 2942 706 3002 ἐς
733 2963 864 3001 τους
889 2936 1176 3014 θαλάμους
1208 2936 1499 3012 συνένησε,
1524 2932 1608 3010 μή
1636 2958 1693 2994 τι
1718 2935 1775 2993 οἱ
1799 2956 1918 3009 κρε-

220 3025 298 3083 35
313 3023 560 3100 μάμενον
583 3029 662 3104 τῷ
691 3024 848 3085 παιδὶ
881 3025 1118 3103 ἐμπέσῃ.
1191 3022 1465 3102 Ἐχοντος
1498 3021 1561 3082 δέ
1585 3022 1639 3081 οἳ
1665 3025 1723 3081 ἐν
1750 3018 1918 3099 χερσὶ

313 3114 415 3170 τοῦ
439 3111 636 3177 παιδὸς
658 3112 758 3173 τὸν
781 3110 980 3193 γάμον,
1003 3109 1320 3171 ἀπικνέεται
1346 3114 1401 3173 ἐς
1423 3134 1523 3173 τας
1552 3106 1753 3188 Σάρδις
1777 3101 1920 3180 ἀνὴρ

316 3204 640 3279 συμφορῇ’
615 3200 877 3279 εχόμενος
907 3198 1000 3257 καὶ
1031 3196 1097 3258 οὗ
1132 3196 1371 3275 καθαρὸς
1400 3200 1590 3278 χεῖρας
1622 3194 1739 3267 ἐῶν,
1767 3189 1924 3268 Φρῦξ

314 3286 419 3363 μὲν
454 3291 635 3366 γενεῇ,
674 3288 864 3368 γένεος
903 3284 964 3346 δὲ
1006 3289 1106 3347 τοῦ
1151 3286 1483 3364 βασιληίου·
1522 3276 1821 3363 παρελθὼν
1858 3276 1921 3337 δὲ
