2250 3500
324 50 425 104 2⁷4
938 49 1304 101 ἮΡοΔοτοτ
1793 47 1925 113 [111.

235 131 351 192 152
368 128 474 201 ζων
498 125 568 193 ἂν
589 125 823 205 ἤμίονον
845 131 1043 189 τεκεῖν·
1073 127 1257 189 ‘Em-nt
1281 128 1341 189 δὲ
1365 130 1556 206 μηνῶν
1569 128 1662 188 καὶ
1678 130 1928 189 ἐνιαυτοῦ

326 214 723 291 διεληλυθότος
746 212 874 292 ἤδη,
889 215 922 275 ό
947 215 1186 293 Δαρεῖός
1209 242 1273 277 τε
1291 214 1556 294 ἤσχαλλε
1576 216 1668 274 καὶ
1693 215 1732 291 ἦ
1757 240 1928 293 στρα-

326 302 419 378 τιὴ
450 306 615 363 πᾶσα
642 302 709 362 σι’
738 302 943 378 δυνατή
982 307 1156 363 ἐοῦσα
1183 306 1330 364 ἑλεῖν
1353 302 1484 366 τοῦς
1509 304 1926 379 Βαβυλωνίους·

328 391 429 451 καί
444 408 542 451 ’τοι
580 390 764 451 πάντα
799 392 1142 469 σοφίσματα
1178 392 1272 451 καὶ
1302 390 1492 454 πάσας
1516 389 1773 469 μηχανὰς
1807 395 1928 450 ἐπε-

326 478 554 556 ποιήκεε
590 483 646 543 ἐς
684 477 886 543 αὐτοῦς
927 483 1187 557 Δαρεῖος·
1242 477 1375 539 ἀλλ’
1423 476 1536 538 οὐδ’
1585 478 1656 541 ὣς
1701 477 1930 539 ἐδύνατο

328 570 479 629 ἐλεῖν
516 566 719 646 σφέας,
759 564 1000 628 ἄλλοισί
1039 592 1103 627 τε
1142 567 1477 645 σοφίσμασι
1520 566 1931 643 πειρησάμενος

328 656 423 715 καὶ
449 654 517 731 δὴ
544 656 638 715 καὶ
660 658 739 734 τῷ
762 657 949 732 Κῦρος
974 654 1093 714 εἷλέ
1114 661 1302 730 σφεας
1327 655 1420 714 καὶ
1441 653 1619 733 τούτῳ
1633 652 1928 731 ἐπειρήθη·

332 742 490 805 ιῖλλοῖ
518 743 629 825 γοὶρ
666 742 852 805 δεινῶς
881 740 1031 817 ἦσαν
1064 747 1123 803 ἐν
1149 746 1446 822 φυλακῇσι
1471 745 1526 803 οἶ
1551 740 1926 819 Βαβυλώνιοι,

330 830 463 893 οὖδέ
484 837 669 906 σφεας
694 829 810 893 οἷός
832 855 895 889 τε
917 828 990 907 ἦν
1014 834 1185 891 ἑλεῖν.

238 920 356 983 153
434 918 730 987 Ἐνθαῦτα,
760 921 991 996 εἰκοστῷ
1014 918 1166 993 μηνὶ,
1195 916 1436 997 Ζωπῦρῳ
1469 920 1548 995 τῷ
1579 916 1932 998 ·Μεγαβῦζου

330 1003 394 1069 ὃς
416 1008 528 1066 τῶν
554 1004 695 1065 ἐπεὶ
718 1003 930 1081 ἀνδρῶν
955 1005 1174 1085 ἐγένετο
1198 1008 1310 1066 τῶν
1326 1004 1428 1066 τόν
1447 1004 1654 1085 Μάγον
1672 1003 1930 1065 κατελόν-

328 1118 456 1164 των,
482 1091 683 1153 τούτου
715 1095 818 1152 τοῦ
854 1092 1204 1174 Μεγαβύζου
1245 1093 1405 1154 παιδὶ
1435 1092 1688 1172 Ζωπύρῳ
1713 1093 1932 1174 ἐγένετο

330 1182 494 1258 τέρας
515 1180 663 1241 τόδε·
702 1183 815 1240 τῶν
840 1182 894 1240 οἶ
920 1180 1244 1259 σιτοφόρων
1265 1179 1512 1257 ἡμιόνων
1533 1180 1638 1257 μία
1663 1181 1829 1240 ἔτεκε·
1861 1179 1934 1244 ὥς

336 1269 402 1331 δέ
432 1271 488 1329 οἶ
528 1268 843 1351 ἐξαγγέλθη
869 1268 962 1328 καὶ
985 1268 1097 1330 ὖπό
1128 1268 1396 1344 ἀπιστίης
1420 1267 1587 1331 αὖτός
1609 1267 1644 1329 ὅ
1670 1268 1935 1347 Ζώπυρος

342 1356 454 1417 εἶδε
476 1355 543 1418 τό
566 1357 805 1434 βρέφος,
832 1355 1073 1420 α’πείπας
1096 1360 1252 1417 τοῖσι
1287 1355 1546 1416 δούλοισι
1561 1356 1766 1433 αμηδενὶ
1791 1355 1934 1435 φρά-

336 1446 452 1517 ζειν
488 1444 557 1507 τό
596 1445 845 1527 γεγονός,
886 1444 1243 1522 ἐβουλεύετο·
1305 1446 1406 1505 καί
1439 1447 1497 1505 οἱ
1535 1443 1677 1522 πρὸς
1720 1442 1794 1505 τιὶ
1833 1448 1936 1505 τοῦ

338 1532 709 1609 Βαβυλωνίου
733 1531 973 1609 ῥήματα,
1000 1531 1063 1595 ὃς
1089 1531 1207 1592 κατ’
1235 1530 1412 1611 ἅρχᾶς
1439 1533 1622 1609 ἔφησε
1639 1531 1806 1593 ἐπεάν
1828 1558 1935 1610 περ

335 1618 561 1697 ἡμίονοι
584 1621 789 1680 τέκωσι
814 1618 945 1679 τότε
968 1618 1037 1679 τό
1064 1624 1252 1697 τεῖχος
1277 1618 1626 1690 ἁλώσεσθαι,
1645 1618 1788 1697 πρὸς
1807 1620 1936 1681 ταύ-

334 1731 441 1783 την
472 1706 580 1782 τήν
612 1706 811 1784 φήμην
846 1706 1087 1787 Ζωπύρῳ
1124 1706 1309 1769 ἐδόκεε
1339 1706 1484 1769 εἶναι
1507 1706 1799 1786 ἁλώσιμος
1827 1707 1937 1786 ἤδη

336 1793 377 1870 ἤ
409 1793 713 1871 Βαβυλών·
754 1794 864 1855 σῦν
895 1794 1009 1876 γὰρ
1042 1796 1152 1874 θεῷ
1173 1795 1386 1858 ἐκεῖνόν
1408 1822 1472 1856 τε
1498 1799 1670 1858 εἰπεῖν
1695 1797 1787 1856 καὶ
1813 1800 1936 1858 ἐωυ-

243 1883 453 1961 154τῷ
489 1885 671 1942 τεκεῖν
696 1881 803 1958 τήν
826 1880 1078 1959 ἡμίονον.
1145 1882 1244 1947 Ὡς
1269 1884 1332 1944 δέ
1356 1887 1411 1944 οἳ
1439 1883 1625 1944 ἐδόκεε
1655 1884 1940 1962 μόρσιμον

339 1969 479 2031 εἶναι
502 1968 609 2047 ἤδη
634 1973 708 2048 τῇ
734 1972 1044 2048 Βαβυλῶνι
1074 1970 1436 2043 ἁλίσκεσθαι,
1462 1971 1800 2050 προσελθὼν
1822 1979 1938 2033 Δα-

335 2058 465 2140 ρείῳ
501 2057 935 2130 ἀπεπυνθάνετο,
968 2062 1019 2120 εἰ
1050 2060 1182 2136 περὶ
1216 2063 1442 2119 πολλοῦ
1479 2059 1658 2138 κάρτα
1694 2061 1942 2122 ποιέεται

336 2145 442 2223 τήν
480 2148 802 2223 Βαβυλῶνα
843 2148 1025 2217 ἑλεῖν,
1066 2147 1379 2225 πυθόμενος
1409 2147 1470 2207 δὲ
1509 2147 1584 2211 ὥς
1611 2151 1941 2226 πολλοΰντιο

336 2237 509 2313 μῷτο,
545 2233 696 2294 ἄλλο
714 2233 1069 2311 ’ἐβουλεύετο
1101 2234 1242 2300 ὅκως
1275 2232 1441 2298 αὗτός
1464 2260 1528 2296 τε
1555 2236 1714 2296 ἔσται
1739 2237 1772 2296 ὁ
1798 2237 1944 2298 ἐλῶν

340 2321 516 2398 αὐτὴν
534 2321 626 2381 καὶ
653 2324 855 2382 ἐωυτοῦ
878 2321 945 2382 τὸ
972 2323 1136 2404 ἔργον
1155 2323 1332 2384 ἔσται·
1373 2321 1550 2401 κάρτα
1572 2322 1685 2405 γὰρ
1712 2328 1774 2384 ἐν
1787 2327 1944 2386 τοῖσι

339 2408 607 2486 Πέρσῃσι
642 2411 706 2468 αἱ
744 2407 1108 2491 ἀγαθοεργίαι
1139 2415 1196 2475 ἐς
1228 2410 1296 2472 τὰ
1327 2410 1526 2488 πρόσω
1564 2411 1840 2493 μεγάθεος
1862 2437 1942 2473 τι-

341 2499 573 2574 μῶνται.
640 2495 801 2576 ἄλλῳ
831 2497 937 2573 μέν
970 2523 1069 2559 νυν
1102 2497 1204 2558 οὐκ
1237 2497 1512 2576 ἐφράζετο
1547 2500 1690 2581 ἔργω
1715 2499 1946 2565 δυνατός

258 2627 263 2632 -
345 2582 492 2644 εἶναί
522 2608 623 2660 μιν
660 2583 988 2664 ὑποχειρίην
1028 2589 1286 2662 ποιῆσαι,
1328 2590 1379 2646 εἰ
1417 2585 1467 2646 δ’
1513 2587 1713 2648 ἐωυτόν
1751 2589 1946 2664 λωβη-

238 2727 267 2739 ,
342 2670 587 2749 σάμενος
626 2670 1040 2749 αὐτομολήσειε
1078 2678 1136 2736 ἐς
1174 2672 1388 2738 αὐτους.
1461 2674 1759 2735 ἐνθαῦτα’
1731 2701 1792 2734 εν
1817 2681 1947 2734 ἐλα·

342 2763 469 2838 φρῷ
491 2758 885 2836 ποιησάμενος,
906 2759 1107 2820 ἐωυτόν
1120 2761 1384 2836 λωβᾶται
1400 2760 1652 2838 λώβην’
1615 2761 1946 2839 ανήκεστον·

338 2844 643 2921 ἆποταμων
664 2844 777 2926 γοῖρ
814 2849 1018 2906 ἑωυτοῦ
1052 2846 1158 2922 τήν
1179 2850 1308 2924 ῥῖνα
1347 2849 1441 2908 καὶ
1463 2873 1538 2908 τα
1567 2875 1698 2919 ωτα,
1725 2851 1820 2910 καὶ
1843 2849 1949 2926 τήν

341 2931 519 3008 κόμην
546 2957 724 2996 κακως
747 2934 1079 3010 περικείρας,
1096 2935 1190 2992 καὶ
1213 2934 1603 3016 μαστιγώσας,
1622 2937 1768 3012 ἦλθε
1793 2961 1950 3014 παρα

250 3016 363 3075 155
383 3021 641 3093 Δαρεῖον.
724 3023 961 3096 Δαρεῖος
1000 3020 1060 3079 δὲ
1100 3047 1278 3098 καρτα
1315 3021 1618 3100 βαρέως
1577 3049 1780 3098 ηνεικε,
1823 3025 1951 3085 ἔδων

339 3101 514 3178 ἄνδρα
544 3104 921 3182 δοκιμωτατον
945 3108 1369 3184 λελωβημένον·
1412 3111 1474 3170 ἔκ
1509 3135 1575 3172 τε
1603 3115 1707 3172 τοῦ
1745 3111 1953 3191 θρόνου

343 3185 710 3264 ἀναπηδήσας
740 3190 1002 3268 ανέβωσέ
1032 3217 1097 3252 τε
1128 3193 1222 3253 καὶ
1258 3195 1438 3272 εἴρετό
1461 3222 1580 3275 μιν,
1605 3196 1767 3264 ὅστις
1793 3200 1880 3277 εἴη
1917 3198 1953 3258 ὁ
