2250 3500
354 115 451 163 218
500 141 512 151 -
949 114 1318 163 ἩΡοΔοΤοτ
1815 112 1951 177 [1112

352 192 536 253 πάντα
580 190 775 271 ἡλικίῃ
823 192 915 252 καὶ
968 192 1123 271 θυμῷ
1173 190 1449 267 ἐπίτρεπε,
1497 189 1630 249 ἀλλ’
1675 190 1809 271 ἴσχε
1861 191 1956 251 καὶ

354 277 759 356 καταλάμβανε
799 278 1063 340 σεωυτόν.
1147 277 1362 359 ἀγαθόν
1398 302 1471 347 τι,
1511 276 1756 355 πρόνοον
1796 274 1954 339 εἶναι·

355 365 545 442 σοφόν
584 367 645 425 δὲ
682 367 721 443 ἦ
752 367 1058 445 προμηθίη.
1129 365 1204 426 σύ
1245 366 1304 425 δὲ
1345 366 1570 429 κτείνεις
1606 367 1712 442 μὲν
1751 364 1954 444 ἄνδρας

355 459 600 515 σεωυτοῦ
626 456 916 531 πολιήτας,
946 454 1028 513 ἐπ’
1056 453 1286 532 οὐδεμιῇ
1315 454 1464 533 αἰτίῃ
1489 452 1764 533 ἀξιόχρεῳ
1795 454 1954 515 ἑλών·

356 544 581 607 κτείνεις
607 543 667 603 δὲ
691 544 912 607 παῖδας.
972 540 1043 617 ἢν
1062 542 1122 602 δὲ
1147 541 1342 601 πολλα
1367 566 1600 601 τοιαυτα
1625 542 1832 621 ποιέῃς,
1852 540 1958 618 ὅρα

356 628 494 714 ὅκως
523 630 607 707 μή
633 657 737 691 σευ
762 630 1191 707 ἀποστήσονται
1222 630 1466 706 Πέρσαι.
1536 629 1662 705 ἐμοὶ
1687 628 1748 688 δὲ
1771 629 1957 718 πατὴρ

356 717 461 782 σός
492 724 679 797 Κῦρος
706 720 1027 778 ἐνετέλλετο
1052 717 1250 778 πολλοὶ
1279 716 1515 776 κελεύων
1540 718 1610 775 σὲ
1635 712 1956 788 νουθετέειν,

360 806 452 865 καὶ
476 804 903 867 ὕποτίθεσθαι”
870 834 903 865 ο
928 830 984 865 τι
1010 831 1081 865 αν
1109 803 1346 883 εὑρίσκω
1371 802 1637 885 σῖγαθόνῗ
1701 804 1735 864 ό
1759 806 1863 881 μὲν
1888 804 1956 881 δή

358 892 579 953 εὔνοιαν
606 894 819 970 φαίνων
846 892 1228 968 συνεβούλευέ
1252 895 1306 951 οἱ
1328 896 1522 951 ταῦτα·
1564 891 1598 951 ό
1656 890 1672 911 ’
1691 891 1958 968 ἀμείβετο

356 980 569 1041 τοῖσδε·
598 990 636 1017 “
652 980 726 1040 σύ
756 980 993 1057 καὶέμοὶ
1018 984 1236 1059 τολμᾷς
1256 979 1684 1056 συμβουλεύειν,
1703 980 1763 1043 ὃς
1781 1006 1958 1060 χρησ·

364 1072 471 1131 τῶς
505 1070 612 1145 μὲν
644 1066 749 1143 τήν
781 1072 1025 1128 σεωυτοῦ
1061 1068 1306 1145 πατρίδα
1342 1066 1767 1146 ἐπετρόπευσας,
1800 1067 1861 1127 εὖ
1901 1068 1959 1127 δὲ

358 1158 437 1233 τῷ
480 1155 652 1232 πατρὶ
699 1159 775 1235 τῷ
821 1160 935 1265 ἐμῷ
980 1154 1455 1231 συνεβούλευσας,
1504 1154 1743 1216 κελεύων
1792 1155 1960 1216 αὗτὸν

358 1240 602 1321 Ἀράξεα
640 1244 897 1321 ποταμόν
932 1242 1272 1320 διαβάντα’
1253 1244 1390 1303 ιε’ναι
1426 1244 1519 1303 ἐπὶ
1553 1244 1959 1325 Μασσαγέτας,

359 1332 776 1443 βουλομένων’
751 1332 969 1393 εκείνων
994 1332 1350 1409 διαβαίνειν’
1325 1356 1381 1394 ες
1405 1330 1510 1406 τήν
1525 1330 1834 1409 ἡμετέρην·
1818 1376 1837 1401 ,
1870 1331 1962 1391 καὶ

362 1418 475 1479 οἷπο
494 1423 599 1497 μὲν
619 1420 864 1481 σεωυτὸν
882 1418 1099 1483 ὤλεσας
1116 1423 1218 1495 τῆς
1237 1443 1484 1479 σεωυτου
1458 1418 1768 1495 πατρίδος
1787 1424 1963 1483 κακῶς

362 1507 635 1617 προστάς·
690 1507 803 1569 οἷπο
854 1508 914 1567 δὲ
956 1506 1177 1571 ὤλεσας
1220 1510 1428 1583 Κῦρον,
1468 1505 1799 1583 πειθόμενόν
1845 1532 1960 1567 σοι·

363 1594 496 1654 ἀλλ’
524 1595 589 1654 οὔ
614 1622 671 1655 τι
696 1597 923 1675 χαίρων·
966 1596 1091 1655 ἐπεί
1115 1620 1206 1656 τοι
1235 1595 1327 1653 καὶ
1359 1594 1595 1653 πάλαι’
1567 1620 1623 1657 ες
1648 1596 1718 1654 σὲ
1741 1594 1963 1672 προφά-

361 1683 488 1745 σιός
536 1709 632 1741 τευ
686 1683 917 1759 ἐδεόμην
973 1681 1407 1759 ἐπιλαβέσθαιΡ
1467 1686 1646 1742 ταῦτα
1698 1682 1760 1742 δε
1809 1684 1964 1748 εἶπας

364 1771 655 1847 ἐλάμβανε
680 1797 745 1830 το
731 1770 997 1840 τόξ’-ὀν’
954 1797 1027 1834 ως
1054 1771 1474 1841 κατατοξεύσων
1493 1770 1680 1832 αυτόν·
1713 1776 1965 1849 Κροῖσος

365 1858 425 1918 δὲ
461 1857 789 1937 οἷναδραμῶν
823 1859 942 1918 ἔθεε
974 1859 1094 1928 ἔξω·
1137 1858 1170 1918 ὅ
1203 1858 1278 1930 δὲ,
1312 1859 1437 1918 ἐπεί
1466 1885 1530 1919 τε
1560 1859 1831 1929 τοξεῦσαι
1865 1885 1966 1920 ουκ

366 1946 499 2028 εἶχε,
529 1947 841 2007 ἐνετείλατο
867 1950 1022 2006 τοῖσι
1048 1945 1360 2024 θεράπουσι
1385 1946 1677 2023 λαβόντας
1700 1973 1799 2023 μιν
1828 1946 1965 2006 (ἰπο-

368 2039 594 2096 κτεῖναι·
650 2038 705 2098 οἱ
744 2035 805 2095 δὲ
846 2034 1179 2113 θεράποντες
1219 2034 1580 2110 ἐπιστάμενοι
1620 2033 1722 2096 τόν
1757 2033 1968 2112 τρόπον

367 2123 555 2196 αὐτοῦ,
605 2123 1059 2203 κατακρύπτουσι
1109 2122 1210 2184 τόν
1263 2126 1521 2198 Κροῖσον
1565 2123 1660 2183 ἐπὶ
1709 2122 1848 2201 τῷδε
1890 2125 1970 2200 τῷ

366 2211 537 2294 λόγῳ,
582 2211 727 2272 ὥστε
769 2217 817 2272 εἰ
854 2213 959 2290 μὲν
995 2209 1382 2289 μεταμελήσει
1425 2215 1504 2288 τῷ
1538 2209 1836 2290 Καμβύσῃ
1875 2210 1970 2270 καὶ

370 2299 695 2376 ἐπιζητήσει
739 2299 839 2360 τόν
886 2302 1158 2377 Κροῖσον,
1208 2301 1264 2358 οἱ
1309 2296 1368 2356 δὲ
1418 2297 1757 2376 ἐκφήναντες
1801 2295 1972 2358 αὖτδν

372 2386 521 2462 δῶρα
554 2385 877 2464 λάμψονται
914 2385 1158 2467 ζωάγρια
1193 2386 1467 2463 Κροίσου·
1507 2383 1580 2460 ἢν
1605 2385 1666 2444 δὲ
1699 2384 1780 2463 μὴ
1806 2409 1971 2462 μετα-

370 2477 612 2548 μελῆται
638 2473 779 2549 μηδὲ
804 2475 957 2552 ποθῇ
981 2500 1098 2549 μιν,
1123 2472 1254 2535 τότε
1281 2473 1693 2551 καταχρῆσθαι·
1726 2472 1979 2548 ἐπόθησέ

371 2585 434 2630 τε
460 2559 529 2636 δή
557 2559 590 2620 6
617 2559 946 2638 Καμβύσης
970 2561 1069 2622 τᾶν
1089 2565 1346 2639 Κροῖσον
1367 2559 1431 2620 οὗ
1457 2563 1660 2639 πολλῷ
1677 2560 1977 2637 μετέπειτα

304 2702 309 2706 ,
372 2647 556 2728 χρόνῳ
590 2647 845 2727 ὕστερον,
882 2649 975 2708 καὶ
1016 2651 1070 2710 οἱ
1106 2647 1440 2726 θεράποντες
1478 2648 1752 2723 μαθόντες
1790 2651 1976 2723 τοῦτο,

288 3083 361 3142 37

374 2732 733 2818 ἐπήγγελλον
759 2736 905 2817 αὐτῷ
933 2735 1003 2800 ὥς
1028 2739 1262 2814 περιείη·
1304 2734 1632 2813 Καμβύσης
1657 2734 1719 2794 δὲ
1745 2735 1979 2813 Κροίσῳ

372 2827 479 2901 μὲν
505 2824 848 2900 συνήδεσθαι
886 2825 997 2901 ἔφη
1022 2822 1318 2902 περιεόντι·
1361 2823 1599 2886 ἐκείνους
1627 2823 1822 2900 μέντοι
1849 2820 1981 2885 τοῦς

375 2911 847 2988 περιποιήσαντας
867 2912 931 2970 οὗ
952 2909 1444 2988 καταπροΐξεσθαι,
1463 2909 1596 2970 ἀλλ’
1610 2910 1980 2971 ἀποκτενέειν·

380 2998 472 3056 καὶ
498 3000 731 3075 ἐποίησε
755 3003 950 3058 ταῦτα.

460 3084 530 3142 Ὁ
563 3088 667 3161 μὲν
694 3085 761 3162 δὴ
787 3090 1017 3145 τοιαῦτα
1046 3083 1244 3144 πολλοὶ
1278 3089 1334 3148 ἐς
1348 3085 1599 3162 ’Πέρσας
1626 3111 1692 3146 τε
1729 3087 1824 3146 καὶ
1855 3083 1986 3148 τοῦς

382 3169 709 3249 ξυμμάχους
734 3171 1062 3250 ἐξεμαίνετο,
1084 3171 1265 3247 μένων
1292 3177 1351 3232 ἐν
1370 3173 1580 3249 Μέμφι
1605 3174 1700 3233 καὶ
1728 3173 1900 3249 θήκας
1921 3197 1988 3232 τε

381 3257 629 3319 παλαιοῖς
660 3258 896 3339 ἀνοίγων
937 3259 1029 3317 καὶ
1064 3258 1445 3335 σκεπτόμενος
1477 3260 1609 3324 τούς
1643 3260 1887 3334 νεκρούς·
1930 3264 1991 3323 ἐς
