<?xml version="1.0" encoding="UTF-8"?>
<!DOCTYPE html PUBLIC "-//W3C//DTD XHTML 1.0 Transitional//EN"
    "http://www.w3.org/TR/xhtml1/DTD/xhtml1-transitional.dtd">
<html xmlns="http://www.w3.org/1999/xhtml" xml:lang="en" lang="en">
 <head>
  <title>
</title>
<meta http-equiv="Content-Type" content="text/html;charset=utf-8" />
  <meta name='ocr-system' content='tesseract 3.04.00' />
  <meta name='ocr-capabilities' content='ocr_page ocr_carea ocr_par ocr_line ocrx_word'/>
</head>
<body>
  <div class='ocr_page' id='page_1' title='image "./herodotus04blakgoog_0146.png"; bbox 0 0 2250 3500; ppageno 0'>
   <div class='ocr_carea' id='block_1_1' title="bbox 259 116 2017 2746">
    <p class='ocr_par' dir='ltr' id='par_1_1' title="bbox 345 116 2017 806">
     <span class='ocr_line' id='line_1_1' title="bbox 345 116 1955 185; baseline 0.001 -17"><span class='ocrx_word' id='word_1_1' title='bbox 345 121 440 168; x_wconf 84' lang='lat'>128</span> <span class='ocrx_word' id='word_1_2' title='bbox 938 116 1305 167; x_wconf 67' lang='lat' dir='ltr'>‘HPOAOTOT</span> <span class='ocrx_word' id='word_1_3' title='bbox 1842 117 1955 185; x_wconf 85' lang='grc' dir='ltr'>[Π.</span> 
     </span>
     <span class='ocr_line' id='line_1_2' title="bbox 352 196 1959 277; baseline 0.001 -19"><span class='ocrx_word' id='word_1_4' title='bbox 352 199 503 260; x_wconf 76' lang='grc' dir='ltr'>ἄλλο</span> <span class='ocrx_word' id='word_1_5' title='bbox 532 203 698 275; x_wconf 79' lang='grc' dir='ltr'>σῶμα</span> <span class='ocrx_word' id='word_1_6' title='bbox 728 203 831 260; x_wconf 82' lang='grc' dir='ltr'>τοῦ</span> <span class='ocrx_word' id='word_1_7' title='bbox 860 199 1004 276; x_wconf 84' lang='grc' dir='ltr'>βοός</span> <span class='ocrx_word' id='word_1_8' title='bbox 1037 202 1329 275; x_wconf 77' lang='grc' dir='ltr'>πιμπλᾶσι</span> <span class='ocrx_word' id='word_1_9' title='bbox 1358 196 1541 276; x_wconf 83' lang='grc' dir='ltr'>ἀρτων</span> <span class='ocrx_word' id='word_1_10' title='bbox 1566 199 1823 277; x_wconf 79' lang='grc' dir='ltr'>καθαρῶν</span> <span class='ocrx_word' id='word_1_11' title='bbox 1858 202 1959 260; x_wconf 85' lang='grc' dir='ltr'>καὶ</span> 
     </span>
     <span class='ocr_line' id='line_1_3' title="bbox 351 285 1985 364; baseline 0.002 -19"><span class='ocrx_word' id='word_1_12' title='bbox 351 287 578 363; x_wconf 81' lang='grc' dir='ltr'>μέλιτος</span> <span class='ocrx_word' id='word_1_13' title='bbox 605 287 698 346; x_wconf 85' lang='grc' dir='ltr'>καὶ</span> <span class='ocrx_word' id='word_1_14' title='bbox 723 286 1036 364; x_wconf 86' lang='grc' dir='ltr'>ἀσταφίδος</span> <span class='ocrx_word' id='word_1_15' title='bbox 1063 287 1156 345; x_wconf 80' lang='grc' dir='ltr'>καὶ</span> <span class='ocrx_word' id='word_1_16' title='bbox 1182 285 1365 345; x_wconf 79' lang='grc' dir='ltr'>σύκων</span> <span class='ocrx_word' id='word_1_17' title='bbox 1392 286 1485 345; x_wconf 80' lang='grc' dir='ltr'>καὶ</span> <span class='ocrx_word' id='word_1_18' title='bbox 1510 288 1833 363; x_wconf 79' lang='grc' dir='ltr'>λιβανωτοῦ</span> <span class='ocrx_word' id='word_1_19' title='bbox 1859 290 1985 348; x_wconf 56' lang='grc' dir='ltr'><em>καῖ</em></span> 
     </span>
     <span class='ocr_line' id='line_1_4' title="bbox 352 371 1959 452; baseline 0.001 -18"><span class='ocrx_word' id='word_1_20' title='bbox 352 374 601 452; x_wconf 82' lang='grc' dir='ltr'>σμύρνης</span> <span class='ocrx_word' id='word_1_21' title='bbox 641 376 734 435; x_wconf 82' lang='grc' dir='ltr'>καὶ</span> <span class='ocrx_word' id='word_1_22' title='bbox 770 379 880 436; x_wconf 84' lang='grc' dir='ltr'>τῶν</span> <span class='ocrx_word' id='word_1_23' title='bbox 919 374 1111 434; x_wconf 79' lang='grc' dir='ltr'>ἄλλων</span> <span class='ocrx_word' id='word_1_24' title='bbox 1157 371 1474 451; x_wconf 75' lang='grc' dir='ltr'>θυωμάτων·</span> <span class='ocrx_word' id='word_1_25' title='bbox 1526 373 1851 450; x_wconf 80' lang='grc' dir='ltr'>πλήσαντες</span> <span class='ocrx_word' id='word_1_26' title='bbox 1892 377 1959 437; x_wconf 80' lang='grc' dir='ltr'>δὲ</span> 
     </span>
     <span class='ocr_line' id='line_1_5' title="bbox 350 459 1957 545; baseline 0.001 -22"><span class='ocrx_word' id='word_1_27' title='bbox 350 462 574 534; x_wconf 79' lang='grc' dir='ltr'>τούτων,</span> <span class='ocrx_word' id='word_1_28' title='bbox 623 465 985 545; x_wconf 82' lang='grc' dir='ltr'>καταγίζουσι</span> <span class='ocrx_word' id='word_1_29' title='bbox 1031 464 1220 522; x_wconf 81' lang='grc' dir='ltr'>ἔλαιον</span> <span class='ocrx_word' id='word_1_30' title='bbox 1265 459 1516 538; x_wconf 77' lang='grc' dir='ltr'>ἄφθονον</span> <span class='ocrx_word' id='word_1_31' title='bbox 1566 463 1957 542; x_wconf 77' lang='grc' dir='ltr'>καταχέοντες.</span> 
     </span>
     <span class='ocr_line' id='line_1_6' title="bbox 352 549 1959 628; baseline 0.001 -17"><span class='ocrx_word' id='word_1_32' title='bbox 352 551 869 628; x_wconf 78' lang='grc' dir='ltr'>προνηστεύσαντες</span> <span class='ocrx_word' id='word_1_33' title='bbox 893 552 954 612; x_wconf 79' lang='grc' dir='ltr'>δὲ</span> <span class='ocrx_word' id='word_1_34' title='bbox 981 550 1197 612; x_wconf 84' lang='grc' dir='ltr'>θύουσι.</span> <span class='ocrx_word' id='word_1_35' title='bbox 1267 549 1572 627; x_wconf 79' lang='grc' dir='ltr'>καιομένων</span> <span class='ocrx_word' id='word_1_36' title='bbox 1596 550 1657 609; x_wconf 83' lang='grc' dir='ltr'>δὲ</span> <span class='ocrx_word' id='word_1_37' title='bbox 1680 554 1793 611; x_wconf 80' lang='grc' dir='ltr'>τῶν</span> <span class='ocrx_word' id='word_1_38' title='bbox 1820 554 1959 628; x_wconf 73' lang='grc' dir='ltr'>ἱρῶν</span> 
     </span>
     <span class='ocr_line' id='line_1_7' title="bbox 349 636 2017 717; baseline -0.001 -16"><span class='ocrx_word' id='word_1_39' title='bbox 349 638 649 702; x_wconf 77' lang='grc' dir='ltr'>τύπτονται</span> <span class='ocrx_word' id='word_1_40' title='bbox 705 639 924 704; x_wconf 89' lang='grc' dir='ltr'>πάντες·</span> <span class='ocrx_word' id='word_1_41' title='bbox 992 638 1161 700; x_wconf 77' lang='grc' dir='ltr'>ἐπεὰν</span> <span class='ocrx_word' id='word_1_42' title='bbox 1211 637 1272 698; x_wconf 79' lang='grc' dir='ltr'>δὲ</span> <span class='ocrx_word' id='word_1_43' title='bbox 1322 636 1733 717; x_wconf 82' lang='grc' dir='ltr'>ἀποτύψωνται,</span> <span class='ocrx_word' id='word_1_44' title='bbox 1788 638 1959 700; x_wconf 82' lang='grc' dir='ltr'>δαῖτα</span> <span class='ocrx_word' id='word_1_45' title='bbox 2008 647 2017 654; x_wconf 91' lang='grc'><em>“</em></span> 
     </span>
     <span class='ocr_line' id='line_1_8' title="bbox 353 728 1399 806; baseline -0.003 -18"><span class='ocrx_word' id='word_1_46' title='bbox 353 731 706 806; x_wconf 81' lang='grc' dir='ltr'>προτίθενται</span> <span class='ocrx_word' id='word_1_47' title='bbox 730 728 802 789; x_wconf 81' lang='grc' dir='ltr'>τοὶ</span> <span class='ocrx_word' id='word_1_48' title='bbox 827 728 1088 788; x_wconf 78' lang='grc' dir='ltr'>ἐλίποντο</span> <span class='ocrx_word' id='word_1_49' title='bbox 1112 731 1224 787; x_wconf 82' lang='grc' dir='ltr'>τῶν</span> <span class='ocrx_word' id='word_1_50' title='bbox 1251 728 1399 803; x_wconf 76' lang='grc' dir='ltr'>ἱρῶν.</span> 
     </span>
    </p>

    <p class='ocr_par' dir='ltr' id='par_1_2' title="bbox 259 812 1958 1775">
     <span class='ocr_line' id='line_1_9' title="bbox 259 812 1958 895; baseline 0 -19"><span class='ocrx_word' id='word_1_51' title='bbox 259 817 332 877; x_wconf 83' lang='grc'>41</span> <span class='ocrx_word' id='word_1_52' title='bbox 433 817 575 882; x_wconf 76' lang='grc' dir='ltr'>Τοῦς</span> <span class='ocrx_word' id='word_1_53' title='bbox 597 818 701 895; x_wconf 89' lang='grc' dir='ltr'>μέν</span> <span class='ocrx_word' id='word_1_54' title='bbox 719 842 816 877; x_wconf 89' lang='grc' dir='ltr'>νυν</span> <span class='ocrx_word' id='word_1_55' title='bbox 835 814 1109 892; x_wconf 80' lang='grc' dir='ltr'>καθαροῧς</span> <span class='ocrx_word' id='word_1_56' title='bbox 1133 815 1277 890; x_wconf 82' lang='grc' dir='ltr'>βοῦς</span> <span class='ocrx_word' id='word_1_57' title='bbox 1302 812 1430 877; x_wconf 75' lang='grc' dir='ltr'>τούς</span> <span class='ocrx_word' id='word_1_58' title='bbox 1450 814 1679 892; x_wconf 83' lang='grc' dir='ltr'>ἔρσενας</span> <span class='ocrx_word' id='word_1_59' title='bbox 1705 815 1799 874; x_wconf 83' lang='grc' dir='ltr'>καὶ</span> <span class='ocrx_word' id='word_1_60' title='bbox 1822 816 1958 881; x_wconf 78' lang='grc' dir='ltr'>τούς</span> 
     </span>
     <span class='ocr_line' id='line_1_10' title="bbox 352 899 1958 984; baseline -0.001 -19"><span class='ocrx_word' id='word_1_61' title='bbox 352 904 606 984; x_wconf 88' lang='grc' dir='ltr'>μόσχους</span> <span class='ocrx_word' id='word_1_62' title='bbox 633 908 686 964; x_wconf 79' lang='grc' dir='ltr'>οἱ</span> <span class='ocrx_word' id='word_1_63' title='bbox 710 903 910 967; x_wconf 84' lang='grc' dir='ltr'>πάντες</span> <span class='ocrx_word' id='word_1_64' title='bbox 936 901 1236 983; x_wconf 76' lang='grc' dir='ltr'>Αἰγύπτιοι</span> <span class='ocrx_word' id='word_1_65' title='bbox 1268 899 1485 962; x_wconf 80' lang='grc' dir='ltr'>θύουσι·</span> <span class='ocrx_word' id='word_1_66' title='bbox 1526 901 1625 966; x_wconf 82' lang='grc' dir='ltr'>τάς</span> <span class='ocrx_word' id='word_1_67' title='bbox 1656 903 1717 962; x_wconf 80' lang='grc' dir='ltr'>δὲ</span> <span class='ocrx_word' id='word_1_68' title='bbox 1744 903 1958 979; x_wconf 88' lang='grc' dir='ltr'>θηλέας</span> 
     </span>
     <span class='ocr_line' id='line_1_11' title="bbox 355 989 1955 1068; baseline -0.001 -16"><span class='ocrx_word' id='word_1_69' title='bbox 355 992 420 1052; x_wconf 79' lang='grc' dir='ltr'>οὗ</span> <span class='ocrx_word' id='word_1_70' title='bbox 451 999 563 1068; x_wconf 85' lang='grc' dir='ltr'>σφι</span> <span class='ocrx_word' id='word_1_71' title='bbox 599 994 781 1062; x_wconf 80' lang='grc' dir='ltr'>ἔξεστι</span> <span class='ocrx_word' id='word_1_72' title='bbox 813 991 978 1062; x_wconf 81' lang='grc' dir='ltr'>θύειν,</span> <span class='ocrx_word' id='word_1_73' title='bbox 1006 990 1163 1050; x_wconf 74' lang='grc' dir='ltr'>ἀλλὰ</span> <span class='ocrx_word' id='word_1_74' title='bbox 1200 989 1317 1068; x_wconf 79' lang='grc' dir='ltr'>ἱραί</span> <span class='ocrx_word' id='word_1_75' title='bbox 1346 992 1457 1050; x_wconf 80' lang='grc' dir='ltr'>εἶσι</span> <span class='ocrx_word' id='word_1_76' title='bbox 1484 993 1587 1066; x_wconf 85' lang='grc' dir='ltr'>τῆς</span> <span class='ocrx_word' id='word_1_77' title='bbox 1615 989 1815 1055; x_wconf 83' lang='grc' dir='ltr'>Ἴσιος.</span> <span class='ocrx_word' id='word_1_78' title='bbox 1883 993 1955 1053; x_wconf 77' lang='grc' dir='ltr'>τὰ</span> 
     </span>
     <span class='ocr_line' id='line_1_12' title="bbox 351 1076 1957 1161; baseline 0 -22"><span class='ocrx_word' id='word_1_79' title='bbox 351 1079 463 1161; x_wconf 81' lang='grc' dir='ltr'>γάρ</span> <span class='ocrx_word' id='word_1_80' title='bbox 504 1084 606 1156; x_wconf 82' lang='grc' dir='ltr'>τῆς</span> <span class='ocrx_word' id='word_1_81' title='bbox 648 1079 827 1144; x_wconf 87' lang='grc' dir='ltr'>Ἴσιος</span> <span class='ocrx_word' id='word_1_82' title='bbox 879 1078 1114 1160; x_wconf 78' lang='grc' dir='ltr'>ἄγαλμα</span> <span class='ocrx_word' id='word_1_83' title='bbox 1161 1077 1253 1138; x_wconf 82' lang='grc' dir='ltr'>ε’ὂν</span> <span class='ocrx_word' id='word_1_84' title='bbox 1295 1076 1617 1159; x_wconf 70' lang='grc' dir='ltr'>γυναικήιον</span> <span class='ocrx_word' id='word_1_85' title='bbox 1662 1077 1957 1157; x_wconf 80' lang='grc' dir='ltr'>βούκερῶν</span> 
     </span>
     <span class='ocr_line' id='line_1_13' title="bbox 357 1165 1955 1247; baseline 0.001 -21"><span class='ocrx_word' id='word_1_86' title='bbox 357 1172 498 1238; x_wconf 87' lang='grc' dir='ltr'>ε’στι,</span> <span class='ocrx_word' id='word_1_87' title='bbox 528 1166 771 1245; x_wconf 80' lang='grc' dir='ltr'>κατάπερ</span> <span class='ocrx_word' id='word_1_88' title='bbox 789 1167 1066 1242; x_wconf 82' lang='grc' dir='ltr'>Ἓλληνες</span> <span class='ocrx_word' id='word_1_89' title='bbox 1089 1165 1195 1242; x_wconf 80' lang='grc' dir='ltr'>τὴν</span> <span class='ocrx_word' id='word_1_90' title='bbox 1216 1165 1365 1225; x_wconf 85' lang='grc' dir='ltr'>Ἰοῦν</span> <span class='ocrx_word' id='word_1_91' title='bbox 1388 1165 1698 1247; x_wconf 85' lang='grc' dir='ltr'>γράφουσι·</span> <span class='ocrx_word' id='word_1_92' title='bbox 1731 1167 1825 1226; x_wconf 83' lang='grc' dir='ltr'>καὶ</span> <span class='ocrx_word' id='word_1_93' title='bbox 1848 1167 1955 1232; x_wconf 78' lang='grc' dir='ltr'>τοὶς</span> 
     </span>
     <span class='ocr_line' id='line_1_14' title="bbox 352 1251 1955 1367; baseline -0.001 -52"><span class='ocrx_word' id='word_1_94' title='bbox 352 1256 499 1331; x_wconf 82' lang='grc' dir='ltr'>βοῦς</span> <span class='ocrx_word' id='word_1_95' title='bbox 528 1256 629 1320; x_wconf 82' lang='grc' dir='ltr'>τοὶς</span> <span class='ocrx_word' id='word_1_96' title='bbox 654 1256 860 1333; x_wconf 89' lang='grc' dir='ltr'>θηλέας</span> <span class='ocrx_word' id='word_1_97' title='bbox 884 1254 1182 1336; x_wconf 76' lang='grc' dir='ltr'>Αἰγύπτιοι</span> <span class='ocrx_word' id='word_1_98' title='bbox 1210 1251 1412 1316; x_wconf 85' lang='grc' dir='ltr'>πάντες</span> <span class='ocrx_word' id='word_1_99' title='bbox 1438 1251 1642 1328; x_wconf 89' lang='grc' dir='ltr'>ομοίως</span> <span class='ocrx_word' id='word_1_100' title='bbox 1650 1255 1955 1367; x_wconf 56' lang='lat' dir='ltr'>v&#39;tre‘ssov‘n-ae.</span> 
     </span>
     <span class='ocr_line' id='line_1_15' title="bbox 355 1341 1955 1422; baseline 0.001 -20"><span class='ocrx_word' id='word_1_101' title='bbox 355 1343 658 1422; x_wconf 78' lang='grc' dir='ltr'>προβάτων</span> <span class='ocrx_word' id='word_1_102' title='bbox 681 1343 903 1406; x_wconf 87' lang='grc' dir='ltr'>πάντων</span> <span class='ocrx_word' id='word_1_103' title='bbox 927 1341 1181 1419; x_wconf 87' lang='grc' dir='ltr'>μάλιστα</span> <span class='ocrx_word' id='word_1_104' title='bbox 1204 1343 1418 1419; x_wconf 74' lang='grc' dir='ltr'>μακρῷ.</span> <span class='ocrx_word' id='word_1_105' title='bbox 1483 1343 1595 1401; x_wconf 79' lang='grc' dir='ltr'>τῶν</span> <span class='ocrx_word' id='word_1_106' title='bbox 1621 1342 1801 1401; x_wconf 83' lang='grc' dir='ltr'>εἵνεκα</span> <span class='ocrx_word' id='word_1_107' title='bbox 1834 1341 1955 1403; x_wconf 78' lang='grc' dir='ltr'>οὔτ’</span> 
     </span>
     <span class='ocr_line' id='line_1_16' title="bbox 355 1427 1955 1542; baseline -0.001 -50"><span class='ocrx_word' id='word_1_108' title='bbox 355 1431 494 1512; x_wconf 79' lang='grc' dir='ltr'>ἀνὴρ</span> <span class='ocrx_word' id='word_1_109' title='bbox 525 1433 827 1516; x_wconf 76' lang='grc' dir='ltr'>Αἰγύπτιος</span> <span class='ocrx_word' id='word_1_110' title='bbox 863 1431 987 1494; x_wconf 81' lang='grc' dir='ltr'>οὔτε</span> <span class='ocrx_word' id='word_1_111' title='bbox 1021 1430 1183 1542; x_wconf 71' lang='grc' dir='ltr'>γυνῇ</span> <span class='ocrx_word' id='word_1_112' title='bbox 1192 1428 1379 1506; x_wconf 78' lang='grc' dir='ltr'>ἄνδρα.</span> <span class='ocrx_word' id='word_1_113' title='bbox 1387 1428 1650 1505; x_wconf 84' lang='grc' dir='ltr'>Ἕλληνα</span> <span class='ocrx_word' id='word_1_114' title='bbox 1682 1427 1955 1506; x_wconf 83' lang='grc' dir='ltr'>φιλήσειε</span> 
     </span>
     <span class='ocr_line' id='line_1_17' title="bbox 357 1515 1953 1602; baseline -0.003 -21"><span class='ocrx_word' id='word_1_115' title='bbox 357 1518 426 1582; x_wconf 78' lang='grc' dir='ltr'>ἂν</span> <span class='ocrx_word' id='word_1_116' title='bbox 454 1527 532 1602; x_wconf 76' lang='grc' dir='ltr'>τῷ</span> <span class='ocrx_word' id='word_1_117' title='bbox 556 1523 812 1599; x_wconf 86' lang='grc' dir='ltr'>στόματι,</span> <span class='ocrx_word' id='word_1_118' title='bbox 843 1519 970 1580; x_wconf 80' lang='grc' dir='ltr'>οὖδε</span> <span class='ocrx_word' id='word_1_119' title='bbox 999 1519 1249 1598; x_wconf 80' lang='grc' dir='ltr'>μαχαίρῃ</span> <span class='ocrx_word' id='word_1_120' title='bbox 1275 1515 1473 1593; x_wconf 86' lang='grc' dir='ltr'>ἀνδρος</span> <span class='ocrx_word' id='word_1_121' title='bbox 1498 1515 1784 1593; x_wconf 87' lang='grc' dir='ltr'>Ἕλληνος</span> <span class='ocrx_word' id='word_1_122' title='bbox 1813 1518 1953 1597; x_wconf 85' lang='grc' dir='ltr'>χρή-</span> 
     </span>
     <span class='ocr_line' id='line_1_18' title="bbox 357 1603 1953 1686; baseline -0.005 -17"><span class='ocrx_word' id='word_1_123' title='bbox 357 1634 534 1680; x_wconf 88' lang='grc' dir='ltr'>σεται,</span> <span class='ocrx_word' id='word_1_124' title='bbox 554 1610 665 1670; x_wconf 78' lang='grc' dir='ltr'>οὐδ’</span> <span class='ocrx_word' id='word_1_125' title='bbox 681 1610 962 1686; x_wconf 82' lang='grc' dir='ltr'>ὀβελοῖσι,</span> <span class='ocrx_word' id='word_1_126' title='bbox 987 1606 1111 1666; x_wconf 75' lang='grc' dir='ltr'>οῦδὲ</span> <span class='ocrx_word' id='word_1_127' title='bbox 1131 1606 1354 1682; x_wconf 88' lang='grc' dir='ltr'>λέβητι,</span> <span class='ocrx_word' id='word_1_128' title='bbox 1373 1603 1497 1665; x_wconf 75' lang='grc' dir='ltr'>οὐδὲ</span> <span class='ocrx_word' id='word_1_129' title='bbox 1518 1604 1685 1681; x_wconf 89' lang='grc' dir='ltr'>κρέως</span> <span class='ocrx_word' id='word_1_130' title='bbox 1704 1605 1953 1682; x_wconf 80' lang='grc' dir='ltr'>καθαροῦ</span> 
     </span>
     <span class='ocr_line' id='line_1_19' title="bbox 355 1692 1951 1775; baseline -0.001 -18"><span class='ocrx_word' id='word_1_131' title='bbox 355 1697 499 1774; x_wconf 84' lang='grc' dir='ltr'>βοός</span> <span class='ocrx_word' id='word_1_132' title='bbox 544 1697 977 1775; x_wconf 85' lang='grc' dir='ltr'>διατετμημένου</span> <span class='ocrx_word' id='word_1_133' title='bbox 1015 1693 1324 1773; x_wconf 82' lang='grc' dir='ltr'>Ἑλληνικῇ</span> <span class='ocrx_word' id='word_1_134' title='bbox 1370 1694 1619 1773; x_wconf 80' lang='grc' dir='ltr'>μαχαίρῃ</span> <span class='ocrx_word' id='word_1_135' title='bbox 1667 1692 1951 1775; x_wconf 79' lang='grc' dir='ltr'>γεύσεται.</span> 
     </span>
    </p>

    <p class='ocr_par' dir='ltr' id='par_1_3' title="bbox 326 1780 1989 2746">
     <span class='ocr_line' id='line_1_20' title="bbox 326 1780 1951 1860; baseline -0.002 -14"><span class='ocrx_word' id='word_1_136' title='bbox 326 1780 328 1783; x_wconf 36' lang='grc'>’</span> <span class='ocrx_word' id='word_1_137' title='bbox 355 1784 635 1846; x_wconf 89' lang='grc' dir='ltr'>θάπτουσι</span> <span class='ocrx_word' id='word_1_138' title='bbox 662 1786 720 1845; x_wconf 82' lang='grc' dir='ltr'>δὲ</span> <span class='ocrx_word' id='word_1_139' title='bbox 745 1785 874 1848; x_wconf 79' lang='grc' dir='ltr'>τοῦς</span> <span class='ocrx_word' id='word_1_140' title='bbox 894 1780 1353 1858; x_wconf 87' lang='grc' dir='ltr'>ἀποθνήσκοντας</span> <span class='ocrx_word' id='word_1_141' title='bbox 1378 1783 1522 1857; x_wconf 82' lang='grc' dir='ltr'>βοῦς</span> <span class='ocrx_word' id='word_1_142' title='bbox 1541 1780 1754 1860; x_wconf 86' lang='grc' dir='ltr'>τρόπον</span> <span class='ocrx_word' id='word_1_143' title='bbox 1770 1781 1951 1843; x_wconf 83' lang='grc' dir='ltr'>τόνδε·</span> 
     </span>
     <span class='ocr_line' id='line_1_21' title="bbox 352 1868 1951 1950; baseline -0.002 -17"><span class='ocrx_word' id='word_1_144' title='bbox 352 1872 454 1937; x_wconf 81' lang='grc' dir='ltr'>τοὶς</span> <span class='ocrx_word' id='word_1_145' title='bbox 477 1875 580 1949; x_wconf 80' lang='grc' dir='ltr'>μὲν</span> <span class='ocrx_word' id='word_1_146' title='bbox 607 1872 813 1950; x_wconf 87' lang='grc' dir='ltr'>θηλέας</span> <span class='ocrx_word' id='word_1_147' title='bbox 839 1875 894 1935; x_wconf 88' lang='grc' dir='ltr'>ε’ς</span> <span class='ocrx_word' id='word_1_148' title='bbox 917 1870 1017 1931; x_wconf 82' lang='grc' dir='ltr'>τόν</span> <span class='ocrx_word' id='word_1_149' title='bbox 1041 1868 1297 1947; x_wconf 82' lang='grc' dir='ltr'>ποταμόν</span> <span class='ocrx_word' id='word_1_150' title='bbox 1316 1868 1535 1940; x_wconf 77' lang='grc' dir='ltr'>ἀπιᾶσι,</span> <span class='ocrx_word' id='word_1_151' title='bbox 1553 1869 1683 1934; x_wconf 77' lang='grc' dir='ltr'>τοῦς</span> <span class='ocrx_word' id='word_1_152' title='bbox 1710 1869 1770 1929; x_wconf 77' lang='grc' dir='ltr'>δὲ</span> <span class='ocrx_word' id='word_1_153' title='bbox 1797 1871 1951 1947; x_wconf 83' lang='grc' dir='ltr'>ἔρσε-</span> 
     </span>
     <span class='ocr_line' id='line_1_22' title="bbox 355 1958 1950 2040; baseline -0.003 -17"><span class='ocrx_word' id='word_1_154' title='bbox 355 1987 466 2032; x_wconf 52' lang='grc' dir='ltr'>νας,</span> <span class='ocrx_word' id='word_1_155' title='bbox 481 1959 901 2040; x_wconf 74' lang='grc' dir='ltr'>κατορύσσουσι</span> <span class='ocrx_word' id='word_1_156' title='bbox 927 1959 1156 2020; x_wconf 81' lang='grc' dir='ltr'>ἔκαστοι</span> <span class='ocrx_word' id='word_1_157' title='bbox 1182 1963 1241 2019; x_wconf 82' lang='grc' dir='ltr'>ἐν</span> <span class='ocrx_word' id='word_1_158' title='bbox 1264 1961 1420 2019; x_wconf 80' lang='grc' dir='ltr'>τοῖσι</span> <span class='ocrx_word' id='word_1_159' title='bbox 1444 1958 1851 2035; x_wconf 86' lang='grc' dir='ltr'>προαστείοισι,</span> <span class='ocrx_word' id='word_1_160' title='bbox 1880 1958 1950 2019; x_wconf 75' lang='grc' dir='ltr'>τὸ</span> 
     </span>
     <span class='ocr_line' id='line_1_23' title="bbox 356 2045 1951 2129; baseline -0.002 -20"><span class='ocrx_word' id='word_1_161' title='bbox 356 2052 516 2129; x_wconf 92' lang='grc' dir='ltr'>κέρας</span> <span class='ocrx_word' id='word_1_162' title='bbox 540 2049 606 2112; x_wconf 73' lang='grc' dir='ltr'>τὰ</span> <span class='ocrx_word' id='word_1_163' title='bbox 629 2050 814 2129; x_wconf 83' lang='grc' dir='ltr'>ἔτερον</span> <span class='ocrx_word' id='word_1_164' title='bbox 833 2047 869 2126; x_wconf 84' lang='grc' dir='ltr'>ἢ</span> <span class='ocrx_word' id='word_1_165' title='bbox 891 2048 981 2108; x_wconf 84' lang='grc' dir='ltr'>καὶ</span> <span class='ocrx_word' id='word_1_166' title='bbox 1006 2045 1303 2125; x_wconf 87' lang='grc' dir='ltr'>ἀμφότερα</span> <span class='ocrx_word' id='word_1_167' title='bbox 1322 2045 1684 2125; x_wconf 74' lang='grc' dir='ltr'>ὕπερέχοντα,</span> <span class='ocrx_word' id='word_1_168' title='bbox 1706 2047 1951 2123; x_wconf 80' lang='grc' dir='ltr'>σημηΐου</span> 
     </span>
     <span class='ocr_line' id='line_1_24' title="bbox 355 2133 1952 2216; baseline -0.003 -17"><span class='ocrx_word' id='word_1_169' title='bbox 355 2140 575 2202; x_wconf 80' lang='grc' dir='ltr'>εἵνεκεν.</span> <span class='ocrx_word' id='word_1_170' title='bbox 645 2138 810 2200; x_wconf 83' lang='grc' dir='ltr'>ε’πεάν</span> <span class='ocrx_word' id='word_1_171' title='bbox 850 2138 911 2199; x_wconf 78' lang='grc' dir='ltr'>δὲ</span> <span class='ocrx_word' id='word_1_172' title='bbox 950 2139 1128 2216; x_wconf 76' lang='grc' dir='ltr'>σαπῇ,</span> <span class='ocrx_word' id='word_1_173' title='bbox 1167 2136 1260 2194; x_wconf 81' lang='grc' dir='ltr'>καὶ</span> <span class='ocrx_word' id='word_1_174' title='bbox 1298 2134 1511 2213; x_wconf 84' lang='grc' dir='ltr'>προσίῃ</span> <span class='ocrx_word' id='word_1_175' title='bbox 1548 2133 1581 2194; x_wconf 82' lang='grc' dir='ltr'>ὅ</span> <span class='ocrx_word' id='word_1_176' title='bbox 1615 2134 1952 2214; x_wconf 78' lang='grc' dir='ltr'>τεταγμένος</span> 
     </span>
     <span class='ocr_line' id='line_1_25' title="bbox 353 2220 1953 2308; baseline -0.007 -18"><span class='ocrx_word' id='word_1_177' title='bbox 353 2228 569 2308; x_wconf 88' lang='grc' dir='ltr'>χρόνος,</span> <span class='ocrx_word' id='word_1_178' title='bbox 608 2228 922 2288; x_wconf 83' lang='grc' dir='ltr'>ἀπικνέεται</span> <span class='ocrx_word' id='word_1_179' title='bbox 962 2230 1018 2289; x_wconf 82' lang='grc' dir='ltr'>ἐς</span> <span class='ocrx_word' id='word_1_180' title='bbox 1056 2222 1300 2299; x_wconf 74' lang='grc' dir='ltr'>ἑκάστην</span> <span class='ocrx_word' id='word_1_181' title='bbox 1333 2221 1505 2282; x_wconf 86' lang='grc' dir='ltr'>πόλιν</span> <span class='ocrx_word' id='word_1_182' title='bbox 1539 2220 1708 2299; x_wconf 91' lang='grc' dir='ltr'>βάρις</span> <span class='ocrx_word' id='word_1_183' title='bbox 1750 2226 1811 2281; x_wconf 80' lang='grc' dir='ltr'>ἐκ</span> <span class='ocrx_word' id='word_1_184' title='bbox 1850 2225 1953 2298; x_wconf 81' lang='grc' dir='ltr'>τῆς</span> 
     </span>
     <span class='ocr_line' id='line_1_26' title="bbox 356 2308 1952 2393; baseline -0.004 -17"><span class='ocrx_word' id='word_1_185' title='bbox 356 2316 782 2393; x_wconf 84' lang='grc' dir='ltr'>Προσωπίτιδος</span> <span class='ocrx_word' id='word_1_186' title='bbox 823 2313 1160 2390; x_wconf 84' lang='grc' dir='ltr'>καλευμένης</span> <span class='ocrx_word' id='word_1_187' title='bbox 1198 2309 1394 2387; x_wconf 86' lang='grc' dir='ltr'>νήσου·</span> <span class='ocrx_word' id='word_1_188' title='bbox 1434 2308 1473 2386; x_wconf 81' lang='grc' dir='ltr'><em>ἦ</em></span> <span class='ocrx_word' id='word_1_189' title='bbox 1512 2308 1558 2369; x_wconf 80' lang='grc' dir='ltr'>δ’</span> <span class='ocrx_word' id='word_1_190' title='bbox 1593 2310 1716 2369; x_wconf 80' lang='grc' dir='ltr'>ἔστι</span> <span class='ocrx_word' id='word_1_191' title='bbox 1753 2310 1859 2387; x_wconf 76' lang='grc' dir='ltr'>μὲν</span> <span class='ocrx_word' id='word_1_192' title='bbox 1894 2316 1952 2371; x_wconf 84' lang='grc' dir='ltr'>ἐν</span> 
     </span>
     <span class='ocr_line' id='line_1_27' title="bbox 352 2398 1949 2482; baseline -0.004 -18"><span class='ocrx_word' id='word_1_193' title='bbox 352 2407 430 2482; x_wconf 77' lang='grc' dir='ltr'>τῷ</span> <span class='ocrx_word' id='word_1_194' title='bbox 463 2404 668 2471; x_wconf 83' lang='grc' dir='ltr'>Δέλτα,</span> <span class='ocrx_word' id='word_1_195' title='bbox 695 2402 1024 2478; x_wconf 89' lang='grc' dir='ltr'>περίμετρον</span> <span class='ocrx_word' id='word_1_196' title='bbox 1059 2400 1119 2457; x_wconf 85' lang='grc' dir='ltr'>δὲ</span> <span class='ocrx_word' id='word_1_197' title='bbox 1160 2398 1329 2474; x_wconf 77' lang='grc' dir='ltr'>αὐτῆς</span> <span class='ocrx_word' id='word_1_198' title='bbox 1366 2398 1477 2458; x_wconf 80' lang='grc' dir='ltr'>εἶσὶ</span> <span class='ocrx_word' id='word_1_199' title='bbox 1513 2401 1738 2477; x_wconf 80' lang='grc' dir='ltr'>σχοῖνοι</span> <span class='ocrx_word' id='word_1_200' title='bbox 1775 2398 1949 2459; x_wconf 83' lang='grc' dir='ltr'>ε’ννέα·</span> 
     </span>
     <span class='ocr_line' id='line_1_28' title="bbox 353 2485 1989 2569; baseline -0.002 -18"><span class='ocrx_word' id='word_1_201' title='bbox 353 2496 414 2551; x_wconf 88' lang='grc' dir='ltr'>ε’ν</span> <span class='ocrx_word' id='word_1_202' title='bbox 450 2489 623 2569; x_wconf 84' lang='grc' dir='ltr'>ταύτῃ</span> <span class='ocrx_word' id='word_1_203' title='bbox 664 2488 738 2550; x_wconf 79' lang='grc' dir='ltr'>ὧν</span> <span class='ocrx_word' id='word_1_204' title='bbox 775 2493 847 2567; x_wconf 76' lang='grc' dir='ltr'>τῇ</span> <span class='ocrx_word' id='word_1_205' title='bbox 887 2487 1273 2566; x_wconf 86' lang='grc' dir='ltr'>Προσωπίτιδι</span> <span class='ocrx_word' id='word_1_206' title='bbox 1313 2485 1467 2566; x_wconf 77' lang='grc' dir='ltr'>νήσῳ</span> <span class='ocrx_word' id='word_1_207' title='bbox 1504 2486 1676 2545; x_wconf 81' lang='grc' dir='ltr'>ἔνεισι</span> <span class='ocrx_word' id='word_1_208' title='bbox 1712 2487 1819 2562; x_wconf 78' lang='grc' dir='ltr'>μὲν</span> <span class='ocrx_word' id='word_1_209' title='bbox 1859 2487 1989 2557; x_wconf 63' lang='grc' dir='ltr'>καὶ,</span> 
     </span>
     <span class='ocr_line' id='line_1_29' title="bbox 353 2573 1953 2657; baseline -0.003 -18"><span class='ocrx_word' id='word_1_210' title='bbox 353 2577 528 2639; x_wconf 78' lang='grc' dir='ltr'>ἄλλαι</span> <span class='ocrx_word' id='word_1_211' title='bbox 546 2577 742 2643; x_wconf 90' lang='grc' dir='ltr'>πόλιες</span> <span class='ocrx_word' id='word_1_212' title='bbox 761 2576 982 2657; x_wconf 83' lang='grc' dir='ltr'>συχναὶ,</span> <span class='ocrx_word' id='word_1_213' title='bbox 1001 2581 1060 2636; x_wconf 77' lang='grc' dir='ltr'>ἐκ</span> <span class='ocrx_word' id='word_1_214' title='bbox 1079 2580 1181 2652; x_wconf 87' lang='grc' dir='ltr'>τῆς</span> <span class='ocrx_word' id='word_1_215' title='bbox 1200 2575 1260 2634; x_wconf 84' lang='grc' dir='ltr'>δὲ</span> <span class='ocrx_word' id='word_1_216' title='bbox 1280 2577 1338 2634; x_wconf 81' lang='grc' dir='ltr'>αἱ</span> <span class='ocrx_word' id='word_1_217' title='bbox 1362 2574 1531 2652; x_wconf 88' lang='grc' dir='ltr'>βάρις</span> <span class='ocrx_word' id='word_1_218' title='bbox 1550 2573 1953 2654; x_wconf 84' lang='grc' dir='ltr'>παραγίνονται</span> 
     </span>
     <span class='ocr_line' id='line_1_30' title="bbox 353 2662 1952 2746; baseline -0.005 -17"><span class='ocrx_word' id='word_1_219' title='bbox 353 2666 788 2746; x_wconf 75' lang='grc' dir='ltr'>ἀναιρησόμεναι</span> <span class='ocrx_word' id='word_1_220' title='bbox 817 2692 890 2727; x_wconf 91' lang='grc' dir='ltr'>τα</span> <span class='ocrx_word' id='word_1_221' title='bbox 927 2665 1102 2727; x_wconf 79' lang='grc' dir='ltr'>ὀστέα</span> <span class='ocrx_word' id='word_1_222' title='bbox 1132 2667 1242 2725; x_wconf 78' lang='grc' dir='ltr'>τῶν</span> <span class='ocrx_word' id='word_1_223' title='bbox 1276 2664 1432 2739; x_wconf 79' lang='grc' dir='ltr'>βοῶν</span> <span class='ocrx_word' id='word_1_224' title='bbox 1470 2662 1680 2739; x_wconf 79' lang='grc' dir='ltr'>οὔνομα</span> <span class='ocrx_word' id='word_1_225' title='bbox 1713 2665 1786 2741; x_wconf 78' lang='grc' dir='ltr'>τῇ</span> <span class='ocrx_word' id='word_1_226' title='bbox 1814 2662 1952 2722; x_wconf 88' lang='grc' dir='ltr'>πόλι</span> 
     </span>
    </p>
   </div>
   <div class='ocr_carea' id='block_1_2' title="bbox 349 2748 1952 2921">
    <p class='ocr_par' dir='ltr' id='par_1_4' title="bbox 349 2748 1952 2921">
     <span class='ocr_line' id='line_1_31' title="bbox 349 2748 1946 2836; baseline -0.004 -17.92"><span class='ocrx_word' id='word_1_227' title='bbox 349 2755 716 2836; x_wconf 82' lang='grc' dir='ltr'>Ἀτάρβηχις·</span> <span class='ocrx_word' id='word_1_228' title='bbox 745 2759 803 2816; x_wconf 79' lang='grc' dir='ltr'>ἐν</span> <span class='ocrx_word' id='word_1_229' title='bbox 823 2754 868 2814; x_wconf 83' lang='grc' dir='ltr'>δ’</span> <span class='ocrx_word' id='word_1_230' title='bbox 885 2753 1025 2833; x_wconf 73' lang='grc' dir='ltr'>αὐτῇ</span> <span class='ocrx_word' id='word_1_231' title='bbox 1039 2751 1416 2830; x_wconf 68' lang='grc' dir='ltr'>Ἀφροδίτης’</span> <span class='ocrx_word' id='word_1_232' title='bbox 1400 2749 1520 2827; x_wconf 83' lang='grc' dir='ltr'>ιρὸν</span> <span class='ocrx_word' id='word_1_233' title='bbox 1539 2748 1701 2831; x_wconf 80' lang='grc' dir='ltr'>ἅγιον</span> <span class='ocrx_word' id='word_1_234' title='bbox 1719 2750 1946 2827; x_wconf 80' lang='grc' dir='ltr'>ἵδρυται.</span> 
     </span>
     <span class='ocr_line' id='line_1_32' title="bbox 353 2835 1952 2921; baseline -0.006 -16"><span class='ocrx_word' id='word_1_235' title='bbox 353 2850 414 2905; x_wconf 80' lang='grc' dir='ltr'>ἐκ</span> <span class='ocrx_word' id='word_1_236' title='bbox 448 2844 652 2921; x_wconf 75' lang='grc' dir='ltr'>ταύτης</span> <span class='ocrx_word' id='word_1_237' title='bbox 678 2847 780 2919; x_wconf 83' lang='grc' dir='ltr'>τῆς</span> <span class='ocrx_word' id='word_1_238' title='bbox 819 2843 1019 2906; x_wconf 88' lang='grc' dir='ltr'>πόλιος</span> <span class='ocrx_word' id='word_1_239' title='bbox 1051 2839 1391 2900; x_wconf 88' lang='grc' dir='ltr'>πλανέονται</span> <span class='ocrx_word' id='word_1_240' title='bbox 1420 2839 1649 2907; x_wconf 86' lang='grc' dir='ltr'>πολλοὶ,</span> <span class='ocrx_word' id='word_1_241' title='bbox 1684 2835 1858 2897; x_wconf 74' lang='grc' dir='ltr'>ἄλλοι</span> <span class='ocrx_word' id='word_1_242' title='bbox 1896 2842 1952 2901; x_wconf 78' lang='grc' dir='ltr'>ἐς</span> 
     </span>
    </p>
   </div>
   <div class='ocr_carea' id='block_1_3' title="bbox 351 2923 2031 3355">
    <p class='ocr_par' dir='ltr' id='par_1_5' title="bbox 351 2923 2031 3355">
     <span class='ocr_line' id='line_1_33' title="bbox 351 2923 1951 3008; baseline -0.007 -13"><span class='ocrx_word' id='word_1_243' title='bbox 351 2933 535 2997; x_wconf 80' lang='grc' dir='ltr'>ἄλλας</span> <span class='ocrx_word' id='word_1_244' title='bbox 558 2931 741 3003; x_wconf 88' lang='grc' dir='ltr'>πόλις,</span> <span class='ocrx_word' id='word_1_245' title='bbox 770 2929 1132 3008; x_wconf 79' lang='grc' dir='ltr'>ἀνορύξαντες</span> <span class='ocrx_word' id='word_1_246' title='bbox 1157 2927 1217 2986; x_wconf 81' lang='grc' dir='ltr'>δὲ</span> <span class='ocrx_word' id='word_1_247' title='bbox 1246 2925 1317 2985; x_wconf 80' lang='grc' dir='ltr'>τοὶ</span> <span class='ocrx_word' id='word_1_248' title='bbox 1344 2924 1518 2985; x_wconf 80' lang='grc' dir='ltr'>ὀστέα</span> <span class='ocrx_word' id='word_1_249' title='bbox 1544 2923 1832 3006; x_wconf 78' lang='grc' dir='ltr'>ἀπάγουσι</span> <span class='ocrx_word' id='word_1_250' title='bbox 1858 2924 1951 2984; x_wconf 81' lang='grc' dir='ltr'>καὶ</span> 
     </span>
     <span class='ocr_line' id='line_1_34' title="bbox 354 3011 1951 3096; baseline -0.006 -15"><span class='ocrx_word' id='word_1_251' title='bbox 354 3020 632 3081; x_wconf 85' lang='grc' dir='ltr'>θάπτουσι</span> <span class='ocrx_word' id='word_1_252' title='bbox 654 3024 708 3082; x_wconf 83' lang='grc' dir='ltr'>ἔς</span> <span class='ocrx_word' id='word_1_253' title='bbox 735 3019 831 3077; x_wconf 79' lang='grc' dir='ltr'>ἕνα</span> <span class='ocrx_word' id='word_1_254' title='bbox 855 3021 1044 3096; x_wconf 82' lang='grc' dir='ltr'>χῶρον.</span> <span class='ocrx_word' id='word_1_255' title='bbox 1063 3013 1286 3076; x_wconf 83' lang='grc' dir='ltr'>πάντες.</span> <span class='ocrx_word' id='word_1_256' title='bbox 1349 3013 1491 3072; x_wconf 73' lang='grc' dir='ltr'>κατὰ</span> <span class='ocrx_word' id='word_1_257' title='bbox 1514 3011 1693 3073; x_wconf 81' lang='grc' dir='ltr'>ταῦτοὶ</span> <span class='ocrx_word' id='word_1_258' title='bbox 1712 3012 1773 3072; x_wconf 77' lang='grc' dir='ltr'>δὲ</span> <span class='ocrx_word' id='word_1_259' title='bbox 1797 3015 1951 3073; x_wconf 77' lang='grc' dir='ltr'>τοῖσι</span> 
     </span>
     <span class='ocr_line' id='line_1_35' title="bbox 352 3098 1950 3183; baseline -0.005 -16"><span class='ocrx_word' id='word_1_260' title='bbox 352 3108 530 3183; x_wconf 81' lang='grc' dir='ltr'>βουσὶ</span> <span class='ocrx_word' id='word_1_261' title='bbox 570 3106 662 3165; x_wconf 84' lang='grc' dir='ltr'>καὶ</span> <span class='ocrx_word' id='word_1_262' title='bbox 701 3103 891 3166; x_wconf 77' lang='grc' dir='ltr'>τᾶλλα</span> <span class='ocrx_word' id='word_1_263' title='bbox 935 3102 1136 3178; x_wconf 87' lang='grc' dir='ltr'>κτήνεα</span> <span class='ocrx_word' id='word_1_264' title='bbox 1172 3098 1455 3160; x_wconf 85' lang='grc' dir='ltr'>θάπτουσι</span> <span class='ocrx_word' id='word_1_265' title='bbox 1493 3098 1950 3176; x_wconf 85' lang='grc' dir='ltr'>ἀποθνήσκοντα·</span> 
     </span>
     <span class='ocr_line' id='line_1_36' title="bbox 356 3187 2031 3275; baseline -0.002 -24"><span class='ocrx_word' id='word_1_266' title='bbox 356 3194 448 3251; x_wconf 88' lang='grc' dir='ltr'>καὶ</span> <span class='ocrx_word' id='word_1_267' title='bbox 483 3193 597 3275; x_wconf 68' lang='grc' dir='ltr'>γὰρ</span> <span class='ocrx_word' id='word_1_268' title='bbox 627 3193 756 3270; x_wconf 82' lang='grc' dir='ltr'>περὶ</span> <span class='ocrx_word' id='word_1_269' title='bbox 784 3195 962 3252; x_wconf 83' lang='grc' dir='ltr'>ταῦτα</span> <span class='ocrx_word' id='word_1_270' title='bbox 992 3187 1135 3248; x_wconf 77' lang='grc' dir='ltr'>οὕτω</span> <span class='ocrx_word' id='word_1_271' title='bbox 1175 3191 1289 3263; x_wconf 87' lang='grc' dir='ltr'>σφι</span> <span class='ocrx_word' id='word_1_272' title='bbox 1321 3188 1770 3266; x_wconf 86' lang='grc' dir='ltr'>νενομοθέτηται·</span> <span class='ocrx_word' id='word_1_273' title='bbox 1812 3188 1952 3250; x_wconf 81' lang='grc' dir='ltr'>κτεί-</span> <span class='ocrx_word' id='word_1_274' title='bbox 1996 3242 2031 3255; x_wconf 80' lang='grc'>,,</span> 
     </span>
     <span class='ocr_line' id='line_1_37' title="bbox 355 3277 1120 3355; baseline -0.007 -18"><span class='ocrx_word' id='word_1_275' title='bbox 355 3304 518 3341; x_wconf 88' lang='grc' dir='ltr'>νουσι</span> <span class='ocrx_word' id='word_1_276' title='bbox 541 3279 652 3355; x_wconf 73' lang='grc' dir='ltr'>γὰρ</span> <span class='ocrx_word' id='word_1_277' title='bbox 678 3279 747 3355; x_wconf 75' lang='grc' dir='ltr'>δή</span> <span class='ocrx_word' id='word_1_278' title='bbox 775 3277 902 3338; x_wconf 81' lang='grc' dir='ltr'>οὐδὲ</span> <span class='ocrx_word' id='word_1_279' title='bbox 925 3279 1120 3337; x_wconf 83' lang='grc' dir='ltr'>ταῦτα.</span> 
     </span>
    </p>
   </div>
  </div>
 </body>
</html>
