2250 3500
336 121 430 168 336
940 117 1313 167 ἮΡοΔοΤοτ
1801 118 1927 183 [IV.

329 197 635 272 ποιήσουσι
672 195 745 256 τοὶ
786 194 1047 274 Σκύθῃσί
1084 200 1208 255 ἐστι
1248 201 1306 255 ἐν
1343 195 1536 274 ἡδονῇ.
1617 199 1794 255 ταῦτα
1829 200 1937 272 μὲν

329 286 685 361 προσέθηκαν
720 287 792 361 τῇ
826 283 1039 364 γνώμῃ·
1080 283 1225 360 μετοὶ
1262 283 1335 353 δὲ,
1365 288 1426 342 ἐκ
1461 281 1683 344 πάντων
1713 285 1936 362 ὑπεκρί-

331 399 465 432 νατο
489 371 755 436 Ἱστιαῖος
778 371 910 431 τάδε
936 373 1136 452 λέγων·
1179 382 1214 406 “
1231 370 1422 448 ἄνδρες
1449 371 1676 442 Σκύθαι,
1703 374 1937 451 χρηστὰ

331 459 493 535 ἥκετε
540 461 804 536 φέροντες
858 460 949 519 καὶ
998 465 1053 524 ἐς
1106 459 1300 536 καιρόν
1346 460 1658 541 ἐπείγεσθε·
1721 463 1816 521 καὶ
1861 488 1938 522 τα

330 573 393 606 τε
445 547 541 608 ἀπ’
586 547 763 625 ὑμέων
809 547 944 625 ἡμῖν
990 551 1253 628 χρηστῶς
1299 547 1524 609 ὁδοῦται
1569 549 1662 608 καὶ
1708 549 1782 608 τὰ
1836 549 1936 609 ἀπ’

332 635 516 712 ἡμέων
568 642 625 700 ἐς
672 636 844 713 ὑμέας
896 637 1190 713 ἐπιτηδέως
1241 635 1618 712 ὑπηρετέεται·
1689 636 1761 700 οἷς
1821 637 1935 718 γοῖρ

332 723 515 800 ὁρᾶτε,
552 725 643 783 καὶ
675 724 882 801 λύομεν
911 725 1010 784 τᾶν
1039 722 1219 801 πόρον
1254 725 1348 782 καὶ
1386 725 1701 801 προθυμίην
1736 729 1935 786 πᾶσαν

338 813 549 889 ἕξομεν,
599 813 855 876 θέλοντες
904 813 1043 872 εἶναι
1094 811 1396 888 ἐλεύθεροι·
1453 817 1512 872 ἐν
1558 810 1600 890 ᾧ
1653 813 1713 872 δὲ
1766 813 1936 890 ἡμέες

332 900 462 959 τάδε
510 900 734 977 λύομεν,
768 899 938 977 ὑμέας
981 900 1170 976 καιρός
1210 904 1334 960 ἐστι
1376 899 1636 976 δίζησθαι
1678 903 1933 977 ἐκείνους,

334 987 592 1063 εὑρόντας
625 988 699 1056 δὲ,
728 987 869 1064 ὑπέρ
898 1015 961 1048 τε
993 987 1178 1065 ἡμέων
1203 988 1294 1046 καὶ
1318 986 1498 1065 ὑμέων
1529 987 1708 1047 αὐτῶν
1731 989 1935 1048 τίσασ-

334 1075 428 1133 θαι
454 1074 623 1138 οὕτως
650 1074 722 1136 ὥς
746 1075 956 1138 κείνους
980 1074 1232 1152 πρέπει.”

245 1164 355 1220 140
416 1162 627 1226 Σκύθαι
652 1164 755 1238 μὲν
771 1160 839 1222 τὸ
866 1161 1121 1240 δεύτερον
1137 1163 1300 1222 Ἴωσι
1326 1162 1728 1226 πιστεύσαντες
1745 1164 1926 1244 λέγειν

334 1248 568 1326 ἀληθέα,
595 1250 955 1328 ὑπέστρεφον
993 1252 1085 1309 ἐπὶ
1115 1249 1350 1327 ζήτησιν
1373 1255 1484 1310 τῶν
1509 1253 1796 1328 Περσέων·
1839 1244 1934 1312 καῖ

332 1336 655 1416 ἡμάρτανον
692 1338 883 1415 πάσης
922 1342 1023 1414 τῆς
1064 1340 1279 1398 ἐκείνων
1320 1337 1583 1408 διεξόδου.
1666 1340 1834 1398 αἴτιοι
1876 1340 1936 1398 δὲ

334 1426 537 1486 τούτου
584 1427 743 1487 αὑτοὶ
792 1429 844 1486 οῗ.
887 1425 1099 1491 Σκύθαι
1143 1427 1414 1506 ἐγένοντο,
1456 1425 1557 1490 τσῖς
1603 1427 1777 1503 νομοῖς
1821 1431 1936 1488 τῶν

338 1513 519 1574 ἵππων
556 1515 657 1578 τοὶς
694 1514 869 1593 ταύτῃ
910 1514 1326 1590 διαφθείραντες
1367 1514 1458 1573 καὶ
1471 1513 1560 1578 ,τοὶ
1591 1512 1764 1574 ὕδατα
1795 1541 1936 1595 συγ-

333 1600 635 1678 χώσαντες·
679 1608 726 1662 εἰ
764 1602 873 1684 γοὶρ
914 1606 1089 1661 ταῦτα
1129 1602 1210 1677 μή
1253 1603 1540 1677 ἐποίησαν,
1585 1605 1817 1680 παρεῖχε
1867 1600 1938 1662 ἅν

337 1697 466 1765 σφι,
496 1694 545 1748 εἰ
580 1690 912 1767 ἐβούλοντο,
940 1687 1207 1752 εὐπετέως
1233 1689 1497 1765 ἐξευρέειν
1521 1689 1652 1752 τούς
1683 1690 1938 1766 Πέρσας·

335 1780 431 1835 νῦν
472 1778 548 1846 δὲ,
583 1777 656 1837 τά
700 1783 812 1852 σφι
857 1775 1040 1835 ἐδόκεε
1080 1776 1288 1853 ἄριστα
1323 1778 1756 1853 βεβουλεῦσθαι
1791 1778 1939 1837 κατὰ

333 1867 510 1923 ταῦτα
541 1863 903 1940 ἐσφάλησαν.
986 1864 1198 1928 Σκύθαι
1236 1864 1340 1941 μέν
1381 1890 1477 1925 νυν
1515 1870 1616 1941 τῆς
1657 1866 1940 1941 σφετέρης

335 1951 519 2032 χώρης
542 1957 615 2032 τῇ
639 1952 803 2032 χιλός
826 1979 890 2013 τε
916 1956 1071 2013 τοῖσι
1098 1954 1324 2013 ἵπποισι
1352 1955 1445 2013 καὶ
1463 1954 1636 2013 ὕδατα
1654 1952 1740 2028 ἤν,
1759 1953 1940 2033 ταύτῃ

336 2040 625 2111 διεξιόντες
688 2041 931 2117 ἐδίζηντο
978 2040 1107 2104 τούς
1161 2041 1604 2118 ἀντιπολεμίους,
1655 2041 1940 2105 δοκέοντες

338 2130 431 2187 καὶ
464 2134 699 2193 ἐκείνους
740 2129 829 2189 διὰ
862 2128 1127 2189 τοιούτων
1151 2129 1255 2204 τήν
1281 2128 1596 2206 ἀπόδρησιν
1623 2128 1938 2188 ποιέεσθαι·

339 2220 393 2276 οἱ
434 2218 493 2277 δὲ
537 2217 605 2293 δὴ
662 2219 887 2292 Πέρσαι
936 2216 1036 2276 τόν
1076 2216 1348 2293 πρότερον
1390 2220 1600 2277 ἑωυτῶν
1639 2214 1941 2295 γενόμενον

338 2307 561 2381 στίβον,
587 2308 787 2365 τοῦτον
829 2302 1224 2381 φυλάσσοντες
1262 2302 1434 2379 ἤϊσαν
1475 2304 1567 2361 καὶ
1600 2303 1741 2362 οὕτω
1771 2303 1942 2383 μόγις

342 2390 502 2468 εὗρον
540 2392 641 2451 τὸν
680 2391 873 2468 πόρον·
916 2392 1007 2450 οἷα
1048 2391 1109 2449 δὲ
1149 2390 1342 2455 νυκτός
1379 2417 1443 2450 τε
1483 2390 1811 2467 ἀπικόμενοι
1845 2392 1942 2449 καὶ

338 2479 647 2554 λελυμένης
675 2482 776 2553 τῆς
808 2477 1057 2560 γεφύρης
1090 2477 1424 2556 ἐντυχόντες,
1454 2483 1509 2540 ἐς
1543 2480 1738 2537 πᾶσαν
1765 2476 1941 2553 οἶρρω-

339 2567 461 2643 δίην
500 2565 739 2625 ἀπίκατο
782 2566 864 2643 μή
905 2572 1089 2641 σφεας
1138 2568 1193 2625 οἱ
1235 2564 1421 2628 Ἴωνες
1463 2567 1596 2623 ἔωσι
1637 2564 1938 2623 ἀπολελοι-

248 2656 354 2713 141
378 2653 563 2717 πότες.
629 2652 750 2714 Ἠν
803 2654 863 2713 δὲ
927 2654 1057 2730 περὶ
1109 2657 1349 2729 Δαρεῖον
1416 2651 1557 2729 ἀνὴρ
1616 2651 1939 2731 Αἰγύπτιος,

338 2743 563 2817 φωνέων
596 2743 868 2822 μέγιστον
901 2739 1220 2817 ἀνθρώπων·
1261 2745 1461 2802 τοῦτον
1488 2738 1604 2821 [δὴ]
1635 2738 1734 2798 τὸν
1765 2736 1941 2814 ἄνδρα

340 2829 695 2889 καταστάντα
742 2830 833 2888 ἐπὶ
877 2834 981 2888 τοῦ
1021 2828 1241 2906 χείλεος
1280 2833 1383 2888 τοῦ
1416 2826 1666 2905 Ἴστρου,
1711 2827 1938 2885 ἐκέλευε

338 2920 575 2991 Δαρεῖος
626 2917 846 2977 καλέειν
902 2916 1173 2975 Ἱστιαῖον
1227 2916 1539 2990 Μιλήσιον.
1623 2913 1656 2973 ὁ
1708 2916 1814 2991 μὲν
1869 2913 1937 2988 δὴ

338 3003 515 3059 ἐποίεε
560 3006 755 3060 ταῦτα·
816 3003 1081 3065 Ἱστιαῖος
1128 3003 1187 3060 δὲ
1239 3003 1560 3065 ἐπακούσας
1612 3004 1689 3080 τῷ
1739 3000 1940 3079 πρώτῳ

337 3087 695 3161 κελεύσματι,
729 3088 829 3150 τάς
866 3115 929 3147 τε
967 3090 1093 3151 νέας
1133 3088 1362 3151 ἁπάσας
1400 3094 1632 3167 παρεῖχε
1674 3090 1938 3164 διαπορθ-

334 3171 517 3240 μεύειν
583 3170 685 3244 τήν
722 3230 725 3233 ,
754 3176 1025 3249 στρατιήν
1090 3176 1184 3232 καὶ
1249 3177 1354 3250 τήν
1419 3178 1672 3257 γέφυραν
1741 3177 1940 3246 ἔζευξε.

247 3250 357 3303 142
380 3254 602 3325 Πέρσαι
634 3258 738 3329 μὲν
764 3257 839 3317 ὧν
872 3260 1011 3319 οὕτω
1050 3260 1409 3341 ἐκφεύγουσι·
1453 3262 1664 3328 Σκύθαι
1691 3262 1764 3323 ’δὲ
1795 3262 1944 3337 διζή-

1224 3462 1282 3473 Μ
