2250 3500
323 83 422 134 176
511 79 522 87 ·
847 75 854 78 ’
935 81 1307 132 mmm-tow
1820 79 1924 144 [Π.

319 158 584 225 Ἀνύσιος
613 159 830 232 πόλιος,
854 165 936 241 τῷ
969 159 1183 238 οὕνομα
1200 160 1441 222 Ἄνυσιν
1470 159 1630 221 εἶναι·
1670 159 1767 220 ἐπὶ
1802 158 1929 219 τοῦ-

323 272 424 309 του
449 247 861 324 βασιλεύοντος
885 248 1092 308 ἐλάσαι
1130 247 1214 308 ἐπ’
1240 248 1528 328 Αἴγων-τον
1550 246 1699 326 χειρὶ
1732 249 1930 325 πολλῇ

323 334 596 399 Αἰθίοπάς
633 361 696 396 τε
736 337 830 395 καὶ
870 337 1153 412 Σαβακῶν
1188 333 1288 397 τόν
1327 333 1612 396 Αἰθιόπων
1651 333 1928 411 βασιλέα·

321 421 422 483 τόν
451 425 555 499 μὲν
591 422 659 500 δή
687 423 910 500 τυφλὸν
934 428 1135 484 τοῦτον
1162 423 1422 501 οἴχεσθαι
1454 421 1739 502 φεύγοντα
1775 426 1831 484 ἐς
1855 421 1931 481 τὰ

327 509 478 568 ἕλεα·
518 509 619 571 τᾶν
645 511 705 570 δὲ
730 511 978 571 Αἰθίοπα
1013 509 1347 587 βασιλεύειν
1372 508 1665 590 Αἰγύπτου
1696 506 1781 568 ἐπ’
1806 509 1933 568 ἔτεα

325 597 687 674 πεντήκοντα·
730 602 791 660 ἐν
813 603 969 660 τοῖσι
993 598 1166 658 αὖτὸν
1187 597 1321 658 τάδε
1347 594 1751 666 ἀποδέξασθαι·
1791 594 1933 661 ὅκως

324 688 436 745 τῶν
473 710 558 750 τις
596 688 915 767 Αἰγυπτίων
954 685 1196 762 ἁμάρτοι
1232 710 1307 754 τι,
1341 685 1570 752 κτείνειν
1607 685 1713 761 μὲν
1752 682 1933 744 αὐτῶν

332 771 528 833 οὐδένα
554 774 784 835 ἐθέλειν·
824 773 925 834 τόν
951 773 1010 833 δὲ
1029 772 1172 833 κατὰ
1195 772 1445 853 μέγαθος
1466 775 1568 832 τοῦ
1594 770 1935 849 ἀδικήματος

329 859 543 940 ἑκάστῳ
569 860 822 932 δικάζειν,
850 859 1234 922 ἐπιτάσσοντα
1268 860 1507 939 χώματα
1530 862 1672 940 χοῦν
1694 859 1838 937 πρός
1859 863 1935 938 ‘rii

329 950 540 1008 ἑωυτῶν
563 947 704 1008 πόλι
738 949 867 1010 ὅθεν
907 949 1144 1019 ἕκαστος
1182 947 1256 1024 ἦν
1278 952 1390 1009 τῶν
1414 946 1754 1008 ἀδικεόντων.
1840 947 1935 1006 καὶ

331 1033 473 1094 οὕτω
498 1035 579 1094 ἔτι
605 1038 663 1094 αἶ
687 1036 885 1100 πόλιες
909 1036 1166 1117 ἐγένοντο
1191 1034 1558 1114 ὑψηλότεραι·
1599 1035 1665 1095 τό
1690 1036 1795 1111 μὲν
1818 1033 1935 1116 γὰρ

331 1126 550 1198 πρῶτον
571 1123 907 1203 ἐχώσθησαν
932 1123 1043 1184 fier&
1068 1127 1181 1185 τῶν
1205 1123 1306 1187 τάς
1332 1121 1604 1201 διώρυχας
1627 1121 1937 1199 ὀρυξάντων

334 1209 428 1268 ἐπὶ
463 1210 818 1289 Σεσώστριος
852 1212 1148 1288 βασιλέος,
1176 1210 1404 1287 δεύτερα
1438 1209 1500 1270 δὲ
1527 1210 1622 1272 ἐπὶ
1649 1213 1753 1271 τοῦ
1779 1209 1937 1270 Αἰθί-

333 1321 472 1362 οπος
498 1298 591 1358 καὶ
617 1299 793 1377 κάρτα
819 1299 1036 1378 ὑψηλαὶ
1062 1300 1337 1380 ἐγένοντο.

413 1385 707 1466 Ὑψηλέων
730 1389 790 1448 δὲ
833 1389 926 1447 καὶ
961 1388 1158 1466 ἐτέρων
1191 1385 1557 1463 τασσομένων
1582 1389 1641 1446 ἐν
1668 1388 1741 1464 τῇ
1768 1385 1938 1466 Αἰγό-

333 1501 454 1555 'sm-‹g›
479 1476 708 1547 πολίων,
739 1475 809 1539 ὥς
842 1475 968 1553 ἐμοὶ
1005 1475 1198 1545 δοκέει,
1223 1474 1481 1550 μάλιστα
1509 1476 1615 1550 μὲν
1638 1472 1939 1550 Βουβάστι

335 1561 476 1622 πόλι
523 1563 826 1642 ἐξεχώσθη,
877 1568 935 1624 ἐν
979 1567 1052 1641 τῇ
1101 1563 1195 1623 καὶ
1240 1562 1359 1640 ἱρόν
1404 1567 1529 1622 ἐστι
1580 1560 1940 1637 Βουβάστιος

337 1647 874 1730 ἀξιαπηγητότατον·
917 1650 1063 1726 μέζω
1102 1652 1208 1728 μὲν
1242 1651 1351 1730 γοῖρ
1390 1649 1547 1709 ἅλλα
1576 1649 1670 1708 καὶ
1695 1648 1940 1714 πολυδα-

337 1735 626 1815 πανώτερά
665 1741 789 1798 ἐστι
830 1737 937 1814 ἱροὶ,
972 1736 1147 1818 ἡδονῇ
1188 1737 1246 1799 δὲ
1289 1739 1505 1800 ἰδέσθαι
1546 1735 1703 1800 οὐδὲν
1740 1736 1941 1799 τούτου

337 1827 582 1899 μᾶλλον·
644 1824 682 1899 ἦ
723 1825 783 1885 δὲ
823 1824 1152 1898 Βούβαστις
1192 1826 1333 1885 κατὰ.
1370 1824 1625 1885 Ἑλλάδα
1662 1824 1941 1906 γλῶσσάν

253 1913 362 1971 138
381 1910 802 1991 ἐστιἈρτεμις.
883 1919 961 1973 To
1000 1911 1061 1973 δὲ
1103 1914 1225 1991 ῑρόν
1256 1912 1427 1989 αὐτῆς
1464 1910 1568 1973 ὦδε
1610 1913 1743 1991 ἔχει·
1785 1911 1939 1989 πλήν

339 2003 441 2076 τῆς
466 2000 683 2076 ἐσόδου,
708 2001 776 2062 τό
803 1999 954 2061 ἄλλο
981 2001 1155 2077 νῆσός
1181 2006 1321 2061 ἐστι·
1372 2006 1433 2061 ἐκ
1460 2000 1573 2082 γὰρ
1597 2005 1699 2060 τοῦ
1725 2001 1939 2060 Νείλου

341 2088 602 2169 διώρυχες
669 2091 952 2170 ἐσέχουσι,
1004 2088 1072 2150 οὗ
1129 2089 1561 2169 συμμίσγουσαι
1626 2086 1937 2167 ἀλλήλῃσι,

342 2175 476 2237 ἀλλ’
503 2177 635 2257 ἄχρι
659 2184 760 2253 τῆς
785 2178 986 2239 ἐσόδου
1009 2180 1112 2239 τοῦ
1140 2180 1261 2256 ἰροῦ
1289 2176 1517 2253 ἑκατέρη
1546 2176 1748 2255 ἐσέχει,
1775 2175 1813 2252 ἦ
1837 2177 1941 2254 μὲν

343 2268 416 2343 τῇ
468 2266 858 2342 περιρρέουσα,
914 2264 953 2343 ἦ
1007 2266 1068 2325 δὲ
1116 2270 1209 2345 τῇ,
1272 2263 1428 2342 εὖρος
1484 2268 1659 2324 ἐοῦσα
1712 2265 1941 2341 ἑκατέρη

345 2352 543 2411 ἐκατόν
567 2353 752 2413 ποδῶν
783 2353 1034 2429 δένδρεσι
1069 2352 1390 2416 κατάσκιος·
1429 2351 1503 2412 ταῖ
1529 2352 1589 2411 δὲ
1618 2351 1942 2428 προπύλαια

342 2435 484 2515 ὕψος
514 2441 619 2515 μὲν
655 2438 850 2498 δέκα’
819 2440 1082 2520 οργυιέων
1107 2442 1247 2512 ἐστὶ,
1273 2439 1505 2501 τύποισι
1540 2440 1600 2499 δὲ
1635 2439 1944 2518 ἑξαπήχεσι

344 2524 706 2585 ἐσκευάδαται
741 2526 952 2596 ἀξίοισι
983 2526 1181 2609 λόγου·
1224 2528 1317 2589 ἐον
1342 2528 1390 2587 δ’
1418 2533 1477 2589 ἐν
1514 2528 1665 2606 μέσῃ
1697 2531 1770 2605 τῇ
1804 2527 1943 2588 πόλι

344 2637 412 2673 το
450 2611 571 2690 ἶρὸν
609 2620 912 2692 κατορᾶται
950 2614 1229 2677 πάντοθεν
1253 2615 1537 2693 περιϊόντι·
1578 2613 1678 2675 ἅτε
1703 2615 1815 2696 γοὶρ
1844 2619 1945 2691 τῆς

344 2700 544 2766 πόλιος
577 2706 682 2781 μὲν
708 2704 1127 2783 ἐκκεχωσμένης
1151 2702 1299 2783 υψοῦ
1334 2707 1435 2764 τοῦ
1472 2702 1567 2763 δ’ε
1550 2706 1672 2779 ιροΰ
1712 2701 1779 2762 οὗ
1805 2727 1945 2762 κεκι-

343 2792 594 2867 νημένου,
624 2790 694 2855 ὥς
720 2790 966 2870 ἀρχῆθεν
993 2791 1281 2868 ἐποιήθη”
1252 2789 1494 2853 εσοπτόν
1520 2796 1663 2851 ἐστι·
1704 2790 1946 2867 περιθέει

344 2875 392 2935 δ’
438 2876 574 2939 αὐτο
629 2879 869 2955 αἶμασιη
925 2880 1350 2960 ἐγγεγλυμμένη
1394 2878 1645 2941 τύποισι·
1717 2878 1841 2939 ἔστι
1886 2878 1945 2937 δὲ

345 2963 552 3024 ἔσωθεν
625 2965 807 3030 ἅλσος
865 2965 1128 3044 δενδρέων
1183 2968 1466 3047 μεγίστων
1529 2965 1946 3043 πεφυτευμένον

345 3052 473 3126 περὶ
511 3052 646 3128 νηόν
682 3053 879 3135 μέγαν,
913 3058 972 3114 ἐν
1009 3057 1088 3131 τῷ
1127 3052 1195 3128 δη
1236 3051 1578 3135 τωγαλμα”
1550 3080 1645 3115 ενι·
1690 3079 1848 3131 ευρος
1886 3053 1946 3113 δὲ

299 3177 308 3185 ·
347 3138 441 3193 καὶ
477 3143 657 3212 μῆκος
690 3144 791 3200 τοῦ
823 3143 945 3217 ἱροῦ
984 3140 1169 3214 πάντη
1210 3141 1443 3200 σταδίου
1479 3142 1622 3202 ἐστί·
1665 3167 1809 3201 κατα
1842 3143 1948 3218 μὲν

345 3217 415 3293 δὴ
439 3222 544 3297 τήν
575 3225 844 3298 ἔσοδον,’
818 3225 1139 3303 εστρωμένη
1165 3228 1289 3287 ἐστὶ
1315 3226 1443 3292 ὁδός
1480 3229 1645 3290 λίθου
1682 3228 1775 3289 ἐπὶ
1808 3254 1949 3291 στα-
