2250 3500
297 136 362 184 12
625 159 640 176 2
894 135 1263 186 ἯΡοΔοτοϊ
1831 134 1902 200 [1.

297 218 398 273 τοῦ
417 217 552 290 νηοῦ
573 214 825 292 σχοινίον
851 221 906 279 ἐς
928 214 996 276 τὰ
1019 217 1223 293 τεῖχος·
1262 214 1384 275 ἔστι
1409 213 1469 274 δὲ
1491 213 1699 291 μεταξῦ
1719 217 1819 289 τῆς
1842 239 1905 275 τε

297 305 546 376 παλαιῆς
579 301 778 366 πόλιος
812 301 851 376 ἢ
891 301 1018 362 τότε
1059 303 1445 378 ἐπολιορκέετο
1480 302 1579 360 ,καὶ
1610 305 1711 361 τοῦ
1751 306 1904 378 νηοῦ,

299 388 438 450 {vra-d
463 388 701 449 στάδιοι.
783 389 1054 467 πρώτοισι
1076 393 1181 466 μὲν
1208 389 1275 464 δή
1301 388 1551 450 τούτοισι
1578 390 1905 468 ἐπεχείρησε

297 475 333 538 ὅ
360 480 626 553 Κροῖσος·
659 475 802 554 μετὰ
819 477 904 548 δὲ,
931 483 989 538 ἐν
1011 479 1168 555 μέρει
1194 475 1483 537 ἑκάστοισι
1506 475 1701 536 Ἰώνων
1723 502 1787 536 τε
1812 477 1905 536 καὶ

297 564 562 635 Αἰολέων,
605 563 840 626 ἄλλοισι
877 563 1063 629 ἄλλας
1101 567 1280 630 αἰτίας
1320 565 1614 642 ἐπιφέρων·
1652 567 1765 624 τῶν
1804 567 1906 640 μὲν

298 651 524 713 ἐδύνατο
553 653 786 730 μέζονας
816 654 1223 732 παρευρίσκειν,
1256 654 1461 730 μέζονα
1500 650 1903 728 ἐπαιτιώμενος,

202 741 278 806 27
296 742 448 800 τοῖσι
474 739 535 802 δὲ
559 740 738 805 αυτῶν
763 741 856 800 καὶ
883 744 1080 817 φαῦλα
1112 741 1405 817 ἐπιφέρων.
1486 737 1584 802 Ὠς
1617 737 1744 800 δὲ”
1702 765 1817 847 αρα
1850 743 1905 800 οἱ

297 833 356 888 ἐν
371 831 446 907 τῇ
464 827 636 906 Ἀσίῃ
649 826 931 903 ’Έλληνες
951 828 1381 904 κατεστράφατο
1407 832 1461 891 ἐς
1484 825 1719 904 φόρου’
1683 853 1903 937 απαγω-

293 915 419 996 γῆν,
438 914 506 975 τό
533 916 827 976 ἐνθεῦτεν’
801 914 1018 976 επενόεε
1041 917 1168 980 νέας
1186 915 1563 992 ποιησάμενος
1583 916 1903 993 ἐπιχειρέειν

295 1005 450 1061 τοῖσι
473 1000 800 1113 νησιώτῃσι·
840 1001 1035 1062 ἐόντων
1059 1002 1123 1062 δέ
1145 1006 1200 1062 οῖ
1224 1001 1443 1063 πάντων
1469 1002 1696 1080 ἑτοίμων
1722 1006 1777 1065 ἐς
1799 1002 1903 1077 τήν

293 1090 619 1170 ναυπηγίην,
649 1093 703 1149 οἰ
726 1091 831 1166 μὲν
856 1090 1066 1152 Βίαντα
1097 1092 1335 1172 λέγουσι
1368 1090 1467 1150 τόν
1493 1089 1741 1166 Πριηνέα
1775 1115 1901 1149 απι-

297 1176 530 1255 κόμενον
565 1182 621 1240 ἐς
647 1175 848 1255 Σαρὸις
880 1202 934 1237 οι
959 1177 1018 1236 δὲ
1053 1176 1335 1240 Πιττακὸν
1367 1176 1467 1237 τὸν
1498 1180 1899 1252 Μυτιληναῖον,

297 1264 580 1343 εἰρομένου
600 1265 855 1342 Κροίσου
881 1264 934 1324 εἳ
952 1290 1010 1324 τι
1030 1266 1115 1341 εἴη
1114 1263 1392 1373 “vedu-(pov
1415 1263 1544 1341 περὶ
1566 1263 1669 1339 τὴν
1693 1263 1901 1324 Ἑλλά-

296 1351 382 1423 δα,
432 1351 656 1413 εἰπόντα
704 1351 837 1414 τάδε
888 1357 1245 1414 καταπαῦσαι
1293 1351 1398 1429 τήν
1441 1351 1767 1432 ναυπηγίην·
1815 1351 1900 1410 “0⁹1

294 1440 563 1515 βασιλεῦ,
614 1444 882 1517 νησιῶται
934 1439 1105 1502 ἵππον
1164 1440 1526 1502 συνωνέονται
1573 1439 1803 1516 μυρίην,·
1844 1445 1901 1504 ἐς

297 1527 498 1604 Σάρδις
531 1553 596 1589 τε
628 1528 722 1588 καὶ
756 1528 848 1588 ἐπὶ
879 1531 950 1588 σὲ
984 1528 1202 1608 ἔχοντες
1239 1532 1298 1588 ἐν
1333 1531 1408 1606 νῷ
1440 1525 1899 1604 στρατεύεσθαι·”

295 1618 549 1692 Κροῖσον
574 1615 634 1674 δὲ
668 1617 978 1676 ἐλπίσαντα
1004 1617 1193 1696 λέγειν
1223 1618 1431 1676 ἐκεῖνον
1461 1613 1677 1690 ἀληθέα
1706 1617 1897 1676 εἰπεῖν·

295 1699 399 1762 “at
431 1701 543 1784 γοῖρ
576 1706 741 1763 τοῦτο
779 1703 898 1764 θεοὶ
937 1701 1232 1779 ποιήσειαν
1274 1702 1365 1763 ἐπὶ
1405 1701 1533 1764 νόον
1572 1701 1897 1782 νησιώτῃσι,

296 1790 482 1850 ἐλθεῖν
509 1789 600 1849 ἐπὶ
632 1790 827 1851 Λυδῶν
851 1791 1052 1855 παῖδας
1083 1790 1193 1851 σῦν
1218 1790 1492 1851 ἶπποισι·”
1531 1789 1629 1851 τὸν
1664 1790 1726 1851 δὲ
1758 1789 1897 1853 ὕπο·

291 1877 553 1954 λαβόντα
579 1876 772 1954 φάναι·
814 1877 901 1938 “ὦ
932 1879 1203 1955 βασιλεῦ,
1227 1878 1522 1956 προθύμως
1550 1903 1651 1955 μοι
1676 1879 1898 1955 φαίνεαι

295 1960 564 2035 εὔξασθαι
598 1966 870 2042 νησιώτας
907 1968 1303 2045 ἱππευομένους
1341 1968 1549 2044 λαβεῖν
1584 1971 1642 2027 ἐν
1672 1965 1896 2045 ἠπείρῳ,

295 2052 487 2114 οἰκότα
524 2055 778 2126 ἐλπίζων·
825 2054 1100 2131 νησιώτας
1139 2054 1201 2114 δὲ
1242 2056 1305 2115 τί
1330 2054 1542 2121 ,δοκέεις
1580 2052 1893 2135 [εὔχεσθαι]

293 2139 459 2213 ἄλλο,
484 2138 588 2223 [ἦ,]
609 2142 733 2202 ἐπεί
749 2168 814 2204 τε
836 2142 1082 2222 τάχιστα
1109 2142 1378 2204 ἐπύθοντό
1400 2167 1470 2203 σε
1493 2144 1781 2221 μέλλοντα
1806 2143 1897 2201 ἐπὶ

293 2230 470 2305 σφίσι
495 2232 905 2311 ναυπηγέεσθαι
929 2232 1070 2302 νέας,
1091 2231 1299 2307 λαβεῖν
1318 2228 1590 2307 ἀρώμενοι
1606 2228 1820 2292 Λυὸοὒς
1839 2234 1898 2289 ἐν

293 2315 580 2394 θαλάσσῃ,
629 2318 718 2376 ἵνα
766 2316 905 2392 ὑπὲρ
949 2321 1059 2376 τῶν
1111 2322 1174 2377 ἐν
1222 2320 1297 2394 τῇ
1340 2315 1548 2393 ἠπείρῳ
1598 2316 1897 2390 οἰκημένων

290 2399 580 2476 Ἑλλήνων
624 2402 890 2461 τίσωνταί
930 2426 1017 2471 σε,
1062 2402 1193 2467 τοῦς
1238 2401 1313 2461 σύ
1360 2400 1649 2465 δουλώσας
1692 2400 1895 2479 ἔχεις;”

295 2488 470 2565 κάρτα
491 2512 554 2547 τε
570 2486 818 2564 η’σθῆναι
843 2492 1096 2565 Κροῖσον
1119 2493 1197 2567 τῷ
1222 2487 1481 2569 ἐπιλόγῳ,
1503 2489 1600 2547 καί
1620 2491 1675 2548 οἶ
1694 2488 1895 2567 (προσ-

294 2575 474 2651 φυέως
502 2574 612 2656 γὰρ
649 2574 807 2644 δόξαι
839 2574 1048 2657 λέγειν)
1073 2575 1402 2653 πειθόμενον
1436 2574 1765 2636 παύσασθαι
1795 2578 1899 2651 τῆς

292 2663 615 2743 ναυπηγίης·
663 2662 757 2723 καὶ
795 2662 938 2723 οὕτω
975 2666 1131 2723 τοῖσι
1166 2663 1267 2727 τοὶς
1306 2662 1512 2739 νήσους
1551 2662 1895 2741 οἰκημένοισι

281 2748 443 2813 Ἴωσι
469 2750 671 2826 ξεινίην
695 2750 1058 2827 συνεθήκατο.

197 2837 273 2897 28
371 2835 594 2915 Xp6vov
618 2837 678 2897 δὲ
705 2840 1100 2920 ἐπιγινομένου,
1123 2838 1217 2899 καὶ
1241 2838 1739 2917 κατεστραμμένων
1759 2863 1894 2917 σχε-

290 2924 386 2986 δὸν
429 2923 648 2985 πάντων
690 2928 800 2986 τῶν
842 2924 993 2990 ἐντός
1027 2926 1242 2991 Ἅλυος
1280 2930 1535 3004 ποταμοῦ
1576 2926 1893 3003 οἰκημένων·

289 3011 444 3088 πλὴν
475 3012 587 3094 γοὶρ
623 3013 871 3075 Κιλίκων
903 3014 996 3073 καὶ
1027 3016 1259 3087 Λυκίων,
1285 3014 1413 3079 τούς
1438 3013 1649 3079 ἄλλους
1683 3012 1895 3077 πάντας

289 3096 381 3157 ὕπ’
410 3102 585 3179 ἑωυτῷ
619 3100 734 3180 εἶχε
771 3102 1293 3182 καταστρεψάμενος
1318 3103 1350 3163 ὁ
1386 3107 1653 3180 Κροῖσος·
1696 3102 1808 3162 εἰσὶ
1834 3100 1894 3160 δὲ

290 3183 425 3254 Οἵδε,
449 3186 638 3259 Λυδοὶ,
671 3188 898 3271 Φρύγες,
933 3192 1146 3261 Μυσοὶ,
1178 3192 1570 3269 Μαριανδυνοὶ,
1605 3189 1891 3264 Χάλυβες,

293 3272 691 3354 Παφλαγόνες,
709 3276 958 3354 Θρήϊκες,
981 3280 1034 3338 οἱ
1050 3280 1225 3339 Θυνοί
1231 3303 1295 3340 τε
1315 3280 1406 3339 καὶ
1426 3278 1669 3346 Βιθυνοὶ,
1688 3279 1890 3351 Κᾶρες,
