2250 3500
341 89 439 135 21⁰
952 85 1322 138 ἮΡΟΔοτοτ
1487 103 1494 107 -
1803 87 1936 152 [111.

339 166 668 245 γενομένους
717 165 862 227 οὕτω
914 166 985 243 δὴ
1037 166 1168 230 τοῦς
1227 164 1515 229 σκύλακας
1570 169 1941 243 ἐπικρατῆσαι

340 257 443 311 τοῦ
467 252 737 329 σκύμνου·
780 254 874 313 καὶ
905 253 1006 314 rav
1038 256 1144 330 μὲν
1184 252 1513 329 Καμβύσεα
1545 251 1786 327 ἥδεσθαι
1811 253 1942 313 θεώ-

340 364 527 416 μενον,
566 340 672 416 τήν
712 341 773 401 δὲ
811 342 1135 419 παρημένην
1179 340 1452 417 δακρύειν·
1513 340 1842 417 Καμβύσεα
1881 341 1943 401 δὲ

342 426 596 504 μαθόντα
632 432 819 501 τοῦτο,
861 429 1183 503 ἐπείρεσθαι
1221 427 1364 489 διότι
1415 427 1672 503 δακρύεις
1738 427 1845 506 τήν
1883 428 1943 489 δὲ

347 517 534 586 εἰπεῖν,
560 515 634 579 ὥς
662 516 863 577 ἰδοῦσα
885 516 987 577 τόν
1021 516 1282 577 σκύλακα
1305 520 1384 595 τῷ
1417 514 1676 594 ἀδελφεῷ
1706 516 1943 593 τιμωρή-

344 628 527 663 σαντα
552 603 860 681 δακρύσειε,
884 603 1208 681 μνησθεῖσά
1232 629 1295 664 τε
1321 603 1591 681 Σμέρδιος
1615 604 1709 663 καὶ
1731 605 1943 680 μαθοΰ·

346 717 428 751 σα
454 692 526 756 ὥς
550 694 707 772 κείνῳ
733 691 835 753 οὐκ
860 694 945 769 εἴη
970 692 1005 753 ὁ
1030 691 1380 769 τιμωρήσων.
1441 690 1722 767 ’Έλληνες
1744 693 1849 769 μὲν
1873 692 1942 769 δὴ

348 778 439 839 διδ.
463 785 631 841 τοῦτο
656 780 722 840 τό
752 782 880 845 ἔπος
914 780 1065 856 φασὶ
1095 778 1272 856 αὐτὴν
1300 779 1622 839 ἀπολέσθαι
1644 779 1754 839 ὖπὸ
1781 785 1944 857 Καμ-

344 866 559 942 βύσεω·
627 867 923 948 Αἰγύπτιοι
969 868 1045 938 δὲ,
1086 866 1161 931 αἷς
1197 868 1443 947 τραπέζῃ
1481 868 1942 944 περικατημένων,

344 956 651 1031 λαβοῦσαν
686 956 919 1031 θρίδακα
955 954 1062 1031 τὴν
1097 959 1336 1036 γυναῖκα
1363 959 1664 1033 περιτῖλαι,
1691 956 1786 1015 καὶ
1815 961 1944 1016 ἐπα-

352 1042 632 1119 νείρεσθαι
657 1067 758 1103 τον
784 1042 957 1119 ανδρα
984 1042 1212 1120 κότερον
1235 1042 1718 1121 περιτετιλμένη
1683 1070 1722 1119 η
1747 1043 1946 1103 δασεῖα

346 1128 385 1204 ἦ
412 1130 661 1207 θρίδαξ’
635 1133 809 1191 εοῦσα
835 1132 921 1207 εἴη
940 1132 1212 1201 καλλίων;
1242 1132 1334 1191 καὶ
1357 1157 1456 1192 τον
1482 1131 1674 1207 φάναι,
1695 1132 1944 1193 δασεῖαν·

346 1215 451 1292 τὴν
489 1218 535 1277 δ’
574 1222 744 1279 εἰπεῖν
775 1218 1022 1295 “ταύτην
1060 1220 1254 1296 μέντοι
1287 1221 1417 1279 κοτὲ
1451 1219 1530 1280 σι)
1569 1218 1674 1294 τήν
1713 1220 1948 1296 θρίδακα

350 1307 650 1383 ἐμιμήσαο,
695 1307 795 1369 τᾶν
831 1306 1027 1385 Κύρου
1068 1307 1224 1367 οἶκον
1264 1304 1689 1386 ἀποψιλωσας·”
1743 1333 1842 1368 τον
1887 1308 1947 1368 δὲ

352 1395 674 1472 θυμωθέντα
718 1396 1039 1474 ἐμπηδῆσαι
1070 1394 1212 1474 αυτῇ
1245 1394 1455 1475 ἐχούσῃ
1499 1399 1558 1455 ἐν
1594 1395 1819 1475 γαστρὶ,
1855 1397 1952 1455 καί

348 1509 446 1559 μιν
472 1484 833 1562 ἐκτρώσασαν
858 1483 1180 1544 ἀποθανεῖν.

257 1573 332 1630 33
433 1578 621 1632 Ταῦτα
645 1574 749 1649 μὲν
776 1577 831 1637 ἐς
855 1572 985 1636 τούς
1016 1598 1256 1648 οικηιους
1280 1571 1313 1632 ὅ
1340 1570 1668 1649 Καμβύσης
1691 1571 1944 1651 ἐξεμάνη,

353 1659 461 1718 εἴτε
504 1660 572 1734 δὴ
607 1659 697 1718 διαῖ
736 1658 837 1720 τὸν
866 1658 1056 1728 Ἀπιν,
1094 1660 1205 1719 εἴτε
1248 1661 1340 1719 καὶ
1375 1659 1580 1731 ἄλλως,
1619 1660 1712 1720 οἶα
1750 1661 1944 1720 πολλὰ1

351 1744 513 1806 ἐώθεε
539 1744 861 1823 ἅνθρωπους
886 1773 1028 1807 κακα
1053 1748 1529 1826 καταλαμβανειν·
1571 1751 1666 1810 καὶ
1687 1776 1798 1830 γαρ
1823 1775 1947 1811 τινα

352 1833 444 1892 καὶ
471 1838 532 1892 ἐκ
556 1839 749 1915 γενεῆς
773 1839 981 1895 νοῦσον
1009 1835 1267 1917 μεγάλην
1302 1837 1584 1919 λέγεται
1556 1863 1702 1918 εχειν
1725 1837 1758 1898 ὁ
1786 1843 1946 1916 Καμ-

351 1919 559 1998 βύσης,
612 1949 716 1998 την
769 1923 893 2001 ἱρὴν
945 1922 1322 2002 οὖνομιίζουσί
1366 1950 1529 1990 τινες·
1598 1925 1666 1986 οὔ
1715 1925 1812 1987 νύν
1858 1951 1946 1987 τοι

350 2007 530 2074 αἐικὲς
570 2010 802 2072 οὖδὲν’
764 2037 853 2086 ην,
877 2015 981 2072 τοῦ
1021 2012 1284 2090 σώματος
1323 2017 1530 2074 νοῦσον
1567 2013 1823 2094 μεγάλην
1859 2041 1946 2076 νο-

259 2098 333 2158 34
354 2099 595 2170 σέοντος,
649 2101 790 2179 μηδὲ
839 2100 942 2164 τὰς
993 2101 1200 2179 φρένας
1249 2099 1534 2182 ύγιαίνειν.
1616 2101 1762 2162 Τάδε
1805 2101 1851 2163 δ’
1894 2109 1948 2166 ἐς

352 2213 483 2250 τους
521 2187 732 2254 ἄλλους
772 2190 1005 2267 Πέρσας
1044 2188 1300 2265 ἐξεμάνη·
1359 2189 1586 2271 λέγεται
1625 2217 1737 2268 γαρ
1778 2194 1948 2251 εἰπεῖν

352 2273 523 2334 adv-dv
556 2275 698 2352 πρὸς
731 2275 1101 2352 Πρηξάσπεα,
1137 2302 1238 2337 τον
1279 2276 1442 2354 ἐτίμα
1472 2303 1538 2337 τε
1567 2278 1826 2355 μάλιστα
1859 2280 1954 2339 καί

353 2363 409 2419 οἱ
451 2361 551 2425 τοὶς
594 2361 863 2442 ἀγγελίας
908 2363 1107 2441 ἐφόρεε
1161 2390 1338 2433 ουτος,
1384 2364 1586 2425 τούτου
1629 2391 1695 2426 τε
1740 2393 1773 2427 ο
1819 2372 1952 2431 παῖς

356 2448 605 2526 οἰνοχόος
647 2448 718 2524 ἦν
760 2455 839 2530 τῷ
881 2452 1198 2532 Καμβύσῃ·
1264 2451 1400 2529 τιμὴ
1453 2453 1514 2512 δε
1565 2455 1660 2514 καὶ
1705 2480 1846 2531 αυτη
1887 2481 1952 2515 ου

354 2535 587 2613 σμικρή·
630 2540 801 2598 εἰπεῖν
827 2539 887 2612 δὲ
911 2540 1139 2619 λέγεται
1166 2540 1316 2600 τάδε·
1358 2551 1395 2578 “
1412 2541 1773 2619 Πρήξασπες,
1801 2543 1952 2604 κοῖόν

357 2625 434 2701 μέ
469 2650 594 2685 τινα
631 2627 923 2703 νομίζουσι
962 2628 1187 2704 Πέρσαι
1234 2629 1373 2689 εἶναι
1423 2628 1630 2705 ἅνδρα;
1699 2632 1853 2695 τίνας
1889 2658 1954 2692 τε

356 2712 561 2794 λόγους
604 2716 733 2792 περὶ
778 2716 909 2792 ἐμέο
956 2721 1240 2777 ποιεῦνται
1258 2716 1305 2787 ;”
1366 2716 1468 2778 τᾶν
1509 2718 1570 2777 δὲ
1613 2722 1805 2779 εἰπεῖν·
1867 2719 1954 2778 “12⁹1

356 2801 619 2874 δέσποτα,
656 2802 729 2864 τοὶ
762 2807 867 2881 μὲν
902 2803 1056 2864 ἄλλα
1086 2804 1270 2864 πάντα
1300 2805 1558 2887 μεγάλως
1595 2807 1855 2878 ἐπαινέαι,
1881 2811 1955 2885 τῇ

356 2887 417 2948 δὲ
464 2892 715 2970 φιλοινίῃ
756 2893 831 2953 σέ
842 2947 847 2954 ,
868 2899 1017 2968 φασι
1056 2891 1305 2957 πλεόνως
1343 2894 1778 2970 προσκέεσθαι.”
1854 2894 1956 2956 τᾶν

354 2978 460 3052 μὲν
500 2977 567 3053 δή
607 2980 793 3060 λέγειν
828 2984 1008 3040 ταῦτα
1046 2981 1176 3057 περὶ
1207 2983 1494 3059 Περσέων·
1546 2982 1647 3044 τόν
1675 2983 1736 3043 δὲ
1777 2984 1954 3060 θυμω·

358 3063 524 3123 θέντα
548 3067 733 3126 τοιάδε
758 3067 1119 3144 ἀμείβεσθαι·
1163 3079 1198 3104 “
1207 3072 1302 3128 νῦν
1327 3067 1438 3147 ἄρα
1461 3071 1537 3146 μέ
1562 3078 1711 3147 φασι
1732 3072 1956 3148 Πέρσαι

358 3149 483 3226 οἴνῳ
540 3156 946 3230 προσκείμενον
1008 3157 1431 3232 παραφρονέειν,
1498 3159 1589 3218 καὶ
1657 3159 1758 3219 οὐκ
1819 3161 1958 3219 εἶναι

358 3233 639 3308 νοήμονα,
680 3240 793 3300 οὐδ’
834 3241 945 3318 ἄρα
979 3243 1176 3317 σφέων
1209 3248 1264 3305 οἱ
1297 3245 1560 3324 πρότεροι
1599 3246 1769 3325 λόγοι
1807 3247 1960 3324 ἦσαν
