2250 3500
364 134 461 182 238
980 135 1350 185 ἯΡοΔοτοτ
1831 132 1968 197 [111.

361 211 463 272 τᾶν
488 212 694 294 Μάγον
716 212 949 279 ἲθέως.”’
975 212 1156 275 ταῦτα
1180 216 1302 275 εἶπε
1327 212 1616 292 Γωβρύης·
1649 213 1744 273 καὶ
1768 214 1974 279 πάντες

361 304 539 360 ταῦτα
564 301 765 361 αἴνεον.

268 386 349 449 74
443 386 543 448 Ἐν
576 386 621 466 ᾧ
654 389 715 448 δὲ
752 388 907 450 οὗτοι
944 394 1119 451 ταῦτα
1161 388 1534 466 ἐβουλεύοντο
1575 389 1788 469 ἐγίνετο
1827 389 1972 451 κατιὶΙ

365 477 671 556 συντυχίην
684 477 837 538 τάδε·
862 483 1019 540 τοῖσι
1042 478 1306 559 Μάγοισι
1326 478 1478 547 ἔδοξε
1496 477 1972 553 βουλευομένοισι

364 565 721 642 Πρηξάσπεα
744 567 949 644 ’φιλον
998 565 1375 644 προσθέσθαι,
1421 564 1512 625 ὅτι
1553 591 1619 625 τε
1670 566 1971 626 ἐπεπόνθεε

362 652 507 730 πρός
532 654 863 731 Καμβύσεω
889 654 1146 731 ἀνάρσια,
1173 652 1259 733 (ὅς
1291 656 1346 711 οἳ
1375 651 1477 712 τᾶν
1499 652 1674 711 παῖδα
1698 653 1970 722 τοξεύσας

364 739 764 822 ἅπολωλέκεε,)
783 744 876 801 καὶ
892 741 1033 802 διότι
1045 742 1252 818 μοῦνος
1271 736 1558 816 ἠπίστατο
1577 739 1678 799 τᾶν
1699 740 1970 818 Σμέρδιος

362 833 465 887 τοῦ
502 829 693 906 Κύρου
729 829 981 890 θάνατον’
1002 828 1321 908 αὐτοχειρίῃ
1346 854 1444 905 μιν
1477 827 1788 890 ἀπολέσας·
1828 828 1969 905 πρὸς

364 914 413 973 δ’
453 917 548 986 ἔτι,
590 916 753 976 ε’όντα
798 922 858 977 ἔν
877 966 883 971 .
902 918 1028 995 αἴνῃ
1073 917 1318 997 μεγίστῃ
1361 914 1465 975 τᾶν
1505 913 1862 991 Πρηξάσπεα
1909 921 1970 977 ἐν

365 1002 651 1081 Πέρσῃσι.
716 1002 926 1064 τούτων
960 1005 1031 1080 δή
1053 1030 1154 1081 μιν
1190 1002 1392 1063 εἵνεκεν
1423 1002 1765 1065 καλέσαντες
1791 1004 1968 1078 φίλον

363 1090 797 1166 προσεκτέωντο,
817 1092 984 1151 πίστι
1006 1116 1070 1151 τε
1092 1090 1374 1168 λαβόντες
1399 1090 1492 1149 καὶ
1517 1089 1776 1167 ὁρκίοισι,
1794 1090 1835 1166 ἦ
1854 1091 1971 1167 μὴν

367 1178 509 1287 ἕξειν
521 1177 676 1255 παρ’
690 1182 868 1258 ἑωυτῷ
890 1178 1017 1257 μηδ’
1045 1178 1284 1249 ἐξοίσειν
1306 1176 1571 1255 μηδενὶ’
1533 1203 1602 1236 αι
1603 1176 1836 1254 θρῶπων
1861 1178 1967 1254 τήν

364 1263 477 1325 ἄπο
505 1264 699 1378 σφέων
722 1266 948 1379 ἀπάτην
974 1272 1029 1331 ἐς
1060 1264 1299 1344 Πέρσας
1317 1268 1630 1346 γεγονυῖαν·
1668 1264 1968 1344 ύπισχνεύ-

362 1380 522 1430 μενοι
550 1354 625 1414 τα
646 1354 865 1431 πάντα
874 1358 951 1416 οἱ
967 1356 1142 1463 μυρία
1175 1354 1394 1415 δώσειν.
1460 1352 1870 1430 ύποὸεκομένου
1907 1354 1969 1414 δὲ

363 1446 464 1501 τοῦ
488 1425 877 1520 Πρὴξασπεος
911 1442 1173 1519 ποιήσειν
1205 1446 1399 1517 ταῦτα,
1427 1440 1498 1503 ὥς
1532 1438 1838 1501 οἷνέπεισάν
1869 1462 1969 1519 μιν

364 1532 418 1588 οι
458 1529 669 1611 Μάγοι,
681 1530 931 1638 δεῦτερα
969 1528 1346 1609 προσέφερον,
1380 1526 1542 1587 αὐτοὶ
1579 1530 1685 1606 μὲν
1724 1528 1968 1605 φάμενοι

366 1617 598 1722 Πέρσας
615 1618 827 1681 πάντας
853 1618 1236 1700 συγκαλέειν”
1203 1644 1313 1677 υπο
1335 1642 1402 1677 το
1430 1616 1746 1692 βασιλήϊον
1762 1621 1963 1696 τεῖχος,

367 1709 546 1766 κεῖνον
578 1704 624 1765 δ’
652 1704 917 1767 ἐκέλευον·
936 1704 1231 1782 ἀναβάντα
1265 1704 1391 1765 ἐπὶ
1393 1702 1609 1786 πύργον
1641 1704 1964 1786 αγορεῦσαι,

365 1791 436 1854 ὦς
460 1792 569 1868 ύπο
588 1795 689 1853 τοῦ
698 1794 913 1871 Κύρου
934 1792 1265 1871 Σμέρδιος”
1229 1818 1496 1873 αρχονται
1516 1817 1608 1851 και
1587 1791 1720 1852 ὑπ’
1742 1792 1962 1857 ούδενός

364 1861 569 1940 ἄλλου.
602 1935 611 1940 -
633 1885 811 1954 ταῦτα
842 1883 904 1954 δὲ
940 1881 1081 1942 οὕτω
1097 1879 1488 1951 ’ἐνετέλλοντα
1517 1879 1589 1944 ὥς
1618 1880 1965 1941 πιστοτάτου

364 1967 546 2044 δῆθεν.
563 1967 757 2044 ἐόντοςΦ
786 1969 955 2031 αὐτοῦ
992 1971 1051 2031 ἐν’
1076 1969 1360 2049 Πέρσῃσι,
1389 1970 1482 2028 καὶ
1517 1968 1798 2032 πολλάκις
1828 1967 1964 2029 dm>-

364 2055 663 2136 δεξαμένου
690 2057 924 2138 γνώμην
945 2057 1017 2122 ὥς
1047 2057 1262 2135 περιείη
1289 2056 1322 2116 ὅ
1357 2055 1548 2134 Κύρου
1586 2055 1839 2134 Σμέρδις,
1868 2057 1960 2116 καὶ

270 2145 343 2204 75
364 2144 956 2222 ἐξαρνησαμένου,·τόν
997 2145 1175 2221 φόνον
1214 2143 1420 2206 αύτοΰ·.
1456 2142 1714 2219 Φαμένου
1761 2143 1822 2204 δὲ
1867 2145 1960 2204 καὶ

363 2236 539 2292 ταῦτα
571 2233 793 2310 ἑτοίμου
821 2234 961 2294 εἶναι
990 2232 1201 2293 ποιέειν
1224 2236 1326 2293 τοῦ
1351 2229 1730 2308 Πρηξάσπεω,
1759 2257 1962 2314 συγκα-

364 2319 631 2382 λέσαντες
668 2319 913 2398 Πέρσας
938 2323 994 2381 οἱ
1029 2319 1243 2402 Μάγοι,
1271 2315 1634 2397 ἀνεβίβασαν
1671 2317 1842 2380 αύτὸν
1875 2321 1966 2379 ἐπὶ

364 2405 580 2518 πύρ’-γον
634 2407 725 2464 καὶ
746 2406 1051 2487 ’ἀγορεύειν
1097 2405 1372 2467 ἐκέλευον·
1425 2406 1458 2466 ὅ
1488 2405 1572 2466 ’δὲ
1615 2411 1728 2466 τῶν
1773 2405 1966 2483 μέντοι

367 2496 565 2552 ἐκεῖνοι
588 2493 975 2570 προσεδέοντο
1012 2494 1201 2565 αὐτοῦ,
1228 2493 1436 2554 τούτων
1465 2519 1570 2571 μεν
1601 2492 1738 2554 ἑκων
1768 2495 1967 2571 ε’πελή-

366 2582 517 2641 θετο·
564 2579 870 2659 ἀρξάμενος
910 2582 1041 2641 δὲ’
1006 2583 1119 2643 απὸ
1159 2581 1521 2661 Ἀχαιμένεος
1557 2580 1969 2664 ἐγενεηλόγησε

363 2694 467 2746 την
492 2694 733 2746 πατριην
756 2669 861 2746 τήν
889 2670 1098 2749 Κύρου·
1131 2670 1275 2747 μετοί
1303 2670 1378 2739 δὲ,
1407 2695 1479 2732 ως
1505 2672 1560 2732 ἐς
1583 2671 1786 2729 τοῦτον
1813 2668 1969 2730 κατέ-

362 2758 464 2833 βη,
518 2760 790 2817 τελευτῶν
829 2759 1009 2839 ,ἔλεγε
1066 2756 1182 2818 ὅσα
1240 2755 1429 2838 ἀγαθοὶ
1488 2760 1676 2834 Κῦρος
1734 2755 1972 2834 Πέρσας

362 2843 677 2919 πεποιήκοι·
720 2845 1013 2916 διεξελθὼν
1052 2845 1113 2904 δὲ
1152 2848 1343 2918 ταῦτα,
1389 2843 1645 2921 ἐξέφαινε
1684 2844 1790 2920 τὴν
1827 2843 1968 2921 άλη-

366 2931 562 3006 θηΐην,.
586 2931 834 3009 φάμενος
856 2932 1152 3009 ’πρότερον
1185 2933 1289 3008 μὲν
1330 2930 1606 3043 κρύπτειν·
1657 2931 1722 2990 ού
1760 2931 1872 3013 γάρ
1913 2935 1973 2992 οἶ

366 3017 506 3076 εἶναι
531 3017 793 3095 άσφαλὲς
813 3019 1001 3100 λέγειν
1018 3019 1091 3080 τοὶ
1108 3017 1400 3099 γενόμενα·
1432 3024 1494 3079 ἐν
1514 3020 1574 3079 δὲ
1597 3023 1678 3097 τῷ
1702 3018 1974 3096 παρεόντι

364 3102 669 3183 ἀναγκαίην
691 3132 789 3182 μιν
816 3105 1276 3183 καταλαμβάνειν
1299 3107 1536 3181 φαίνειν.
1595 3108 1689 3165 καὶ
1713 3107 1783 3183 δη
1807 3108 1972 3189 ἕλε-γε

361 3187 463 3246 τᾶν
499 3193 604 3264 μὲν
640 3193 833 3270 Κύρου
873 3193 1113 3271 Σμέρδιν
1155 3217 1228 3255 ως
1266 3193 1434 3257 αύτὸς
1473 3220 1588 3255 υπο
1629 3194 1974 3272 Καμβύσεω

364 3270 809 3355 ἀναγκαζόμενος
846 3280 1205 3351 ἀποκτείνειε,
1240 3306 1372 3345 τοις
1414 3281 1652 3365 Μάγους
1692 3283 1752 3344 δὲ
1793 3285 1978 3361 βασυ-
