2250 3500
310 138 594 205 127-130]
1012 140 1282 192 eAAmA.
1813 145 1914 197 2⁶3

308 219 481 299 ὁρέων
505 220 571 281 δέ
598 225 784 297 σφεας
816 219 889 281 τά
916 244 980 283 τε
1008 221 1228 298 βιβλία
1261 218 1610 295 σεβομένους
1633 222 1908 304 μεγάλως,

304 310 401 368 καὶ
434 308 509 368 τὰ
538 306 819 389 λεγόμενα
856 312 917 368 ἐκ
951 312 1063 369 τῶν
1091 308 1344 385 βιβλίων
1374 306 1454 365 ἔτι
1487 308 1742 384 μεζόνως,
1770 310 1915 373 διδοῖ

306 393 459 455 ἀλλο
494 401 554 455 ἐν
583 398 661 474 τῷ
692 398 821 471 ε’νῆν
856 395 991 455 ἔπεα
1024 394 1176 455 τάδε·
1217 404 1254 431 “
1271 394 1316 453 ὦ
1362 393 1597 469 Πέρσαι,
1629 398 1911 472 βασιλεῦς

307 486 546 560 Δαρεῖσς
575 481 911 562 ἀπαγορεύει
940 482 1075 559 ὖμῖν
1103 482 1185 559 μὴ
1213 482 1571 560 δορυφορέειν
1595 483 1908 561 Ὀροίτεα·”

306 572 361 630 οἶ
407 572 469 629 δὲ
512 568 853 633 ἀκούσαντες
889 570 1098 631 τούτων
1141 569 1390 647 μετῆκάν
1431 573 1490 651 οἱ
1532 571 1633 636 τοὶς
1671 574 1898 652 αἰχμάς·

306 656 435 718 ἶδῶν
460 658 521 718 δὲ
544 656 712 719 τοῦτό
738 662 925 733 σφεας
948 655 983 717 ό
1008 661 1256 739 Βαγαῖος
1279 658 1638 734 πειθομένους
1660 664 1738 739 τῷ
1761 662 1902 737 βιβ-

305 746 428 824 λίῳ,
448 746 683 807 ἐνθαῦτα
702 745 771 821 δὴ
790 744 1086 824 θαρσήσας
1105 744 1173 805 τὸ
1192 748 1515 806 τελευταῖον
1527 751 1638 807 τῶν
1654 748 1909 824 βιβλίων

306 833 453 893 διδοῖ
472 837 550 912 τῷ
572 838 993 915 γραμματιστῇ,
1024 838 1081 893 ἐν
1106 837 1184 911 τῷ
1209 834 1538 915 ἐγέγραπτο·
1571 842 1609 872 “
1627 836 1910 901 Βασιλεῦς

307 924 545 999 Δαρεῖος
577 922 844 999 Πέρσῃσι
874 923 1029 981 τοῖσι
1061 925 1120 981 ἐν
1154 919 1392 999 Σάρδισι
1421 916 1744 984 ἐντέλλεται
1767 924 1908 985 κτεί-

306 1034 419 1069 νειν
442 1008 751 1086 Ὀροίτεα.”
818 1011 873 1069 οἳ.
906 1008 967 1067 δὲ
997 1008 1303 1086 δορυφόροι
1335 1008 1406 1073 ὥς
1429 1008 1680 1086 ἤκουσαν
1711 1015 1902 1087 ταῦτα,

306 1094 667 1172 σπασάμενοι
690 1095 821 1179 τούς
846 1094 1136 1160 ἀκινάκεας
1157 1098 1432 1159 κτείνουσι
1448 1100 1762 1176 παραυτίκα
1786 1126 1904 1177 μιν.

307 1183 449 1245 οὕτω
500 1185 569 1259 δή
612 1183 871 1261 Ὀροίτεα
921 1184 1021 1245 τὸν
1073 1185 1308 1262 Πέρσην
1360 1186 1758 1264 Πολυκράτεος
1799 1191 1905 1249 τοῦ

308 1272 525 1347 Σαμίου
549 1271 725 1335 τίσιες
749 1272 1052 1348 μετῆλθον.

384 1358 761 1437 Ἀπικομένων
782 1360 841 1419 δὲ
862 1361 953 1418 καὶ
972 1358 1458 1435 ἀνακομισθέντων
1473 1362 1585 1420 τῶν
1601 1358 1866 1437 Ὀροίτεω
1886 1363 1957 1423 12
1963 1365 1998 1423 9

302 1446 606 1526 χρημάτων
638 1453 693 1511 ἐς
723 1447 795 1508 τοὶ
837 1446 1047 1517 Σοῦσα,
1082 1446 1369 1521 συνήνεικε
1398 1445 1580 1525 χρόνῳ
1611 1446 1676 1505 οὗ
1709 1452 1908 1528 πολλῷ

303 1535 545 1613 ὕστερον
582 1534 838 1611 βασιλέα
872 1537 1113 1611 Δαρεῖον
1155 1538 1214 1595 ἐν
1245 1531 1392 1614 ἄγρῃ
1433 1534 1615 1611 θηρῶν
1653 1534 1907 1613 ἀποθρώ-

304 1646 519 1683 σκοντα
544 1622 657 1683 ἀπὸ
686 1622 859 1683 ἵππου
884 1626 1211 1699 στραφῆναι
1235 1620 1334 1681 τόν
1358 1620 1523 1681 πόδα·
1565 1625 1663 1682 καί
1689 1650 1792 1686 κως
1820 1627 1904 1684 ἶσ-

304 1711 615 1792 χυροτέρως
641 1709 917 1790 ἐστράφη·
950 1708 982 1772 ό
1006 1710 1117 1792 γάρ
1139 1712 1194 1770 οἱ
1213 1708 1573 1792 ἀστράγαλος
1593 1710 1906 1790 ἐξεχώρησε

304 1805 368 1860 ἐκ
392 1804 503 1860 τῶν
522 1799 756 1877 ἄρθρων.
814 1798 1050 1875 νομίζων
1070 1799 1131 1859 δὲ
1157 1798 1248 1859 καὶ
1267 1797 1540 1877 πρότερον
1558 1801 1684 1877 περὶ
1704 1801 1908 1862 ἐωυτόν

306 1888 455 1967 ἔχειν
485 1887 801 1968 Αἰγυπτίων
839 1885 969 1949 τοῦς
1009 1885 1300 1949 δοκέοντας
1334 1884 1474 1946 εἶναι
1514 1887 1765 1963 πρώτους
1801 1887 1907 1964 τὴν

306 1973 575 2052 ἰητρικήν,
607 1973 859 2038 τούτοισι
900 1977 1123 2052 ἐχρῆτο·
1167 1975 1222 2032 οἱ
1259 1972 1321 2032 δὲ
1360 1974 1773 2049 στρεβλοῦντες
1811 1977 1906 2036 καὶ

303 2063 576 2141 βιώμενοι
600 2062 701 2123 τόν
725 2061 889 2132 πόδα,
918 2060 1089 2120 κακὸν
1111 2059 1282 2136 μέζον
1310 2059 1627 2139 ἐργάζοντο·
1661 2060 1745 2119 ἐπ’
1766 2061 1906 2120 ἐπτοὶ

302 2152 411 2229 μὲν
446 2149 515 2227 δὴ
545 2149 757 2228 ἡμέρας
793 2150 887 2209 καὶ
924 2147 1063 2208 ἐπτά
1097 2147 1297 2230 νήκτας
1324 2144 1437 2205 ὖπὸ
1466 2149 1568 2206 τοῦ
1602 2147 1906 2224 παρεόντος

305 2241 480 2298 κακοῦ
508 2237 541 2298 ὅ
568 2243 807 2316 Δαρεῖος
837 2235 1180 2319 ἀγρυπνίῃσι
1207 2235 1407 2314 εἴχετο·
1447 2236 1518 2312 τῇ
1543 2233 1604 2293 δὲ
1633 2233 1702 2310 δὴ
1730 2233 1902 2315 ὀγδόῃ

302 2325 492 2405 ἡμέρῃ
532 2326 720 2405 ἔχοντί
756 2328 812 2387 οἱ
855 2321 1136 2401 φλαύρως,
1181 2321 1277 2382 οἷα4
1314 2321 1383 2398 δή
1424 2321 1785 2400 παρακούσας
1821 2350 1907 2390 τις

301 2414 579 2491 πρότερον
604 2414 685 2473 ἔτι
718 2418 775 2474 ἐν
808 2411 1047 2490 Σάρδισι
1080 2413 1182 2472 τοῦ
1213 2409 1608 2488 Κροτωνιήτεω
1642 2410 1904 2489 Δημοκή-

301 2503 430 2566 δεος
460 2501 566 2578 τὴν
590 2503 807 2581 τέχνην,
836 2501 1178 2582 ἐσαγγέλλει
1205 2502 1282 2578 τῷ
1309 2499 1544 2579 Δαρείῳ·
1587 2499 1620 2562 ὅ
1652 2499 1713 2559 δὲ
1747 2500 1904 2583 ἄγειν

304 2614 405 2666 μιν
434 2587 539 2665 τὴν
576 2590 855 2669 ταχίστην
887 2587 1019 2666 παρ’
1046 2584 1246 2647 ἔωυτόν
1279 2588 1557 2651 ἐκέλευσε.
1622 2587 1722 2647 τόν
1747 2588 1807 2647 δὲ
1834 2588 1906 2653 ὥς

304 2677 527 2754 ἐξεῦρον
572 2682 633 2738 ἐν
675 2681 831 2737 τοῖσι
880 2674 1145 2753 Ὀροίτεω
1196 2673 1598 2751 ἀνδραπόδοισι
1649 2673 1782 2734 ὅκου
1836 2675 1906 2750 δὴ

301 2763 757 2844 ἀπημελημένον,
784 2767 1039 2845 παρῆγον
1074 2768 1132 2826 ἐς
1165 2762 1345 2839 μέσον
1369 2761 1541 2822 πέδας
1563 2785 1625 2820 τε
1652 2760 1902 2832 ἕλκοντα,

304 2853 397 2912 καὶ
428 2853 628 2932 ῥάκεσι
664 2852 993 2929 ἐσθημένον.
1062 2849 1348 2915 Σταθέντα
1383 2848 1444 2906 δὲ
1479 2853 1534 2918 ἐς
1567 2847 1764 2925 μέσον,
1793 2851 1860 2906 εἰ·
1885 2849 2000 2908 130

300 2941 455 3019 ρῶτα
494 2941 527 3001 ὅ
570 2944 808 3018 Δαρεῖος
840 2939 947 3016 τὴν
975 2939 1179 3018 τέχνην
1215 2940 1264 2995 εἰ
1294 2935 1602 2996 ἐπίσταιτο·
1645 2935 1678 2996 ὅ
1719 2933 1765 2994 δ’
1803 2934 1906 2995 οὐκ

300 3029 615 3100 ὑπεδέκετο,
643 3028 926 3107 ἀρρωδέων
944 3026 1025 3104 μὴ
1052 3022 1254 3085 ἑωυτὸν
1279 3022 1524 3102 ἐκφῄνας
1547 3022 1614 3083 τό
1641 3021 1906 3099 παράπαν

300 3122 404 3194 τῆς
453 3117 737 3180 Ἑλλάδος
776 3115 815 3196 ’ᾗ
868 3111 1334 3191 ἀπεστερημένος·
1398 3110 1684 3188 κατεφάνη
1725 3111 1786 3170 δὲ
1828 3115 1907 3191 τῷ

304 3205 527 3286 Δαρείῳ
551 3204 852 3284 τεχνάζειν,
882 3200 1269 3278 ἐπιστάμενος·
1311 3199 1402 3257 καὶ
1426 3198 1557 3262 τούς
1595 3198 1908 3280 ἀγαγόντας

302 3292 477 3354 αὐτὰν
508 3293 771 3352 ἐκέλευσε
810 3287 1092 3367 μάστιγάς
1120 3312 1185 3348 τε
1219 3286 1314 3347 καὶ
1339 3285 1538 3364 κέντρα
1563 3286 1908 3364 παραφέρειν
