2250 3500
285 141 508 205 56-61]
939 141 1265 190 mmpnn.
1795 143 1891 196 137

283 219 658 296 ἐποιήθησαν.
725 220 1185 300 Πανηγυρίζουσι
1210 221 1271 281 δὲ
1291 219 1591 304 Αἰγύπτιοι
1616 221 1717 284 ούκ
1742 221 1899 294 ἅπαξ
1910 225 1989 286 59
2039 257 2053 278 ¹

284 312 394 369 τοῦ
417 311 682 377 ἐνιαυτοῦ,
711 307 1018 387 πανηγύρις
1043 308 1104 368 δὲ
1130 309 1361 388 συχνάς·
1390 311 1649 388 μάλιστα
1672 313 1777 388 μὲν
1802 312 1897 372 καὶ

283 395 692 473 προθυμότατα
750 399 809 459 ἐς
860 393 1195 472 Βούβαστιν
1246 397 1419 458 πόλιν
1466 402 1541 478 τῇ
1592 397 1896 477 Ἀρτέμιδι·

285 481 522 561 δεύτερα
547 487 604 547 ἐς
629 482 898 561 Βούσιριν
921 483 1094 544 πόλιν
1117 488 1191 564 τῇ
1206 483 1347 545 Ἴσι·
1387 489 1449 545 ἐν
1481 486 1657 564 ταύτῃ
1689 487 1801 567 γὰρ
1828 485 1899 564 δή

285 574 366 649 τῇ
409 569 550 630 πόλι
592 571 722 632 γἐστὶ
765 571 1038 652 μέγιστον
1072 572 1255 636 Ἴσιος
1302 571 1440 650 ἱρόν·
1494 572 1709 649 ἵδρυται
1754 573 1817 634 δὲ
1856 573 1901 652 ἤ

287 658 462 723 πόλις
485 658 628 735 αὕτη
653 662 756 734 τῆς
787 658 1077 738 Αἰγύπτου
1113 663 1175 722 ἔν
1204 661 1363 740 μέσῳ
1396 662 1475 739 τῷ
1512 661 1723 720 Δέλτα·
1753 660 1903 726 Ἶσις

290 747 360 807 δέ
381 751 507 808 ε’στι
527 745 668 807 κατοὶ
687 747 792 822 τήν
807 746 1100 823 Ἑλλήνων
1117 750 1397 828 γλῶσσαν
1418 747 1713 826 Δημήτηρ·
1739 748 1901 824 τρίτα

290 834 344 894 δ’
372 839 427 898 ἐς
453 834 592 900 Σάϊν
615 834 790 895 πόλιν
815 838 888 912 τῇ
912 833 1184 914 Ἀθηναίῃ
1210 835 1669 916 πανηγυρίζουσι·
1708 836 1899 914 τέταρ-

289 947 370 982 τα
393 922 454 982 δὲ
479 927 537 986 ἐς
558 921 937 983 Ἡλιούπολιν
959 926 1038 1002 τῷ
1071 922 1272 1004 Ἡλίῳ·
1312 925 1543 1001 πέμπτα
1575 923 1636 983 δὲ
1670 928 1727 988 ἐς
1762 929 1902 983 Βου-

291 1013 430 1070 τοῦν
459 1010 631 1072 πόλιν
663 1014 738 1088 τῇ
779 1013 979 1086 Λητοῖ·
1021 1011 1154 1070 ἔκτα
1192 1011 1254 1070 δὲ
1298 1016 1355 1075 ἐς
1396 1009 1706 1090 Πάπρημιν
1729 1011 1901 1072 πόλιν

293 1101 375 1177 τῷ
415 1097 597 1175 Ἀρεῖ.
673 1095 770 1162 Ἐς
821 1099 926 1175 μέν
977 1123 1076 1159 νυν
1130 1098 1461 1175 Βούβαστιν
1510 1099 1681 1160 πόλιν
1734 1099 1902 1160 ε’πεάν
1918 1101 1997 1161 60

297 1186 644 1263 κομίζωνται,
669 1189 896 1246 ποιεῦσι
927 1185 1135 1246 τοιάδε·
1174 1187 1425 1247 πλέουσί
1454 1212 1518 1248 τε
1544 1187 1656 1270 γιὶρ
1688 1187 1757 1264 δὴ
1784 1186 1902 1265 ἅμα

295 1271 492 1351 ἄνδρες
521 1275 761 1356 γυναιξὶ,
799 1275 895 1334 καὶ
927 1273 1155 1335 πολλόν
1182 1300 1240 1335 τι
1278 1275 1500 1350 πλῆθος
1540 1276 1808 1352 ἑκατέρων
1842 1281 1903 1336 έν

298 1360 512 1441 ἑκάστῃ
549 1361 710 1440 βάρι·
765 1364 824 1420 αἶ
861 1362 968 1437 μέν
1004 1386 1150 1424 τινες
1184 1364 1297 1422 τῶν
1334 1365 1609 1441 γυναικῶν
1652 1362 1904 1438 κρόταλα

298 1449 536 1528 ἔχουσαι
573 1449 987 1527 κροταλίζουσι,
1030 1451 1086 1509 οἶ
1125 1448 1187 1508 δὲ
1226 1446 1494 1510 αύλέουσι
1540 1447 1683 1508 κατὰ
1720 1448 1905 1509 πάντα

295 1538 401 1598 τόν
423 1537 623 1598 πλόον·
661 1541 720 1597 αἱ
738 1537 800 1597 δὲ
824 1537 1024 1597 λοιπαὶ
1041 1539 1296 1617 γυναῖκες
1321 1535 1415 1597 καὶ
1440 1534 1631 1614 ἄνδρες
1656 1534 1905 1598 demeum

301 1627 396 1685 καὶ
433 1625 538 1690 τοῖς
576 1628 768 1705 χεῖρας
808 1626 1119 1702 κροτέουσι·
1163 1623 1333 1686 ἔπεοὶν
1366 1624 1427 1684 δὲ
1460 1625 1727 1688 πλέοντες
1763 1621 1905 1684 κατιί

299 1738 427 1775 τινα
461 1713 630 1775 πόλιν
671 1712 858 1791 ἄλλην
887 1713 1171 1795 γένωνται,
1205 1714 1567 1795 ἑγχρίψαντες
1599 1710 1707 1791 τήν
1730 1710 1905 1792 βάριν

297 1805 374 1880 τῇ
418 1806 496 1883 γῇ
541 1805 765 1862 ποιεῦσι
810 1802 1016 1862 τοιάδε·
1059 1806 1118 1862 αἱ
1159 1802 1263 1879 μέν
1301 1827 1445 1866 τινες
1486 1804 1597 1863 τῶν
1635 1804 1907 1882 γυναικῶν

299 1893 528 1950 ποιεῦσι
551 1915 730 1967 ταπερ
767 1890 974 1967 εἴρηκα,
1011 1893 1070 1949 αἶ
1102 1890 1163 1949 δε
1202 1889 1517 1961 τωθάζουσι
1541 1890 1769 1965 βοωσαι
1801 1912 1905 1951 τας

303 1982 366 2037 έν
393 1982 466 2056 τῇ
501 1978 669 2039 πόλει
703 1976 878 2056 ταύτῃ
912 2002 1197 2058 γυναικας·
1238 1980 1299 2037 αἱ
1327 1976 1374 2036 δ’
1410 1976 1720 2055 ὀρχέονται·
1760 1978 1821 2034 αι
1856 1974 1907 2035 δ’

303 2063 678 2144 ἀνασύρονται
703 2064 1088 2141 ανιστοῖμεναι.
1141 2068 1320 2124 ταῦτα
1344 2064 1498 2141 παρὰ
1521 2066 1715 2122 πᾶσαν
1737 2060 1909 2121 πόλιν

302 2155 739 2232 παραποταμίην
779 2156 1021 2212 ποιεῦσι·
1065 2152 1233 2212 ε’πεοὶν
1272 2152 1333 2211 δὲ
1372 2150 1673 2210 απίκωνται
1712 2153 1767 2211 ἐς
1804 2172 1909 2223 την

303 2240 652 2318 Βούβαστιν,
705 2240 1006 2318 ὁρτάζουσι
1047 2238 1309 2321 μεγάλας
1348 2236 1645 2318 ἀνάγοντες
1690 2235 1907 2299 θυσίας·

307 2328 400 2396 καὶ
425 2329 573 2391 οἶνος
605 2327 912 2405 ἀμπέλινος
946 2326 1341 2405 ἀναισιμοῦται
1376 2325 1554 2385 πλέον
1585 2328 1645 2385 ἕν
1672 2326 1746 2405 τῇ
1770 2322 1911 2403 ὁρτῇ

305 2414 482 2494 ταύτῃ
505 2414 542 2491 ἢ
569 2420 628 2476 ἐν
651 2419 729 2495 τῷ
753 2415 959 2476 ἅπαντι
987 2419 1213 2494 ἐνιαυτῷ
1236 2420 1314 2495 τῷ
1338 2414 1645 2494 ἐπιλοίπῳ·
1666 2418 1910 2490 συμφοι-

303 2503 478 2562 τέωσι
517 2503 577 2562 δὲ
612 2502 644 2564 ὅ
676 2528 733 2563 τι
763 2502 908 2579 ἅνῆρ
951 2504 1045 2561 καὶ
1085 2502 1251 2584 γυνή
1275 2507 1400 2564 ἐστι
1440 2502 1619 2581 (πλὴν
1657 2500 1909 2581 παιδίων)

309 2590 402 2650 καὶ
437 2594 494 2655 ε’ς
529 2589 920 2667 ἑβδομήκοντα
954 2590 1241 2667 μυριάδας,
1287 2590 1359 2654 ὥς
1397 2592 1453 2651 οἱ
1496 2589 1781 2668 ἐπιχώριοι
1820 2588 1911 2647 λε’-

305 2702 496 2757 γουσι·
520 2682 698 2738 ταῦτα
721 2680 826 2754 μὲν
851 2678 920 2753 δη
947 2678 1121 2757 ταύτῃ
1148 2679 1412 2739 ποιέεται.
1464 2678 1563 2737 Εν
1588 2678 1648 2735 δὲ
1676 2675 1911 2751 Βουσίρι
1928 2674 1997 2734 61

305 2766 447 2827 πόλι
482 2792 554 2831 ως
589 2766 864 2849 α’νάγουσι
899 2770 974 2846 τῇ
1004 2766 1124 2826 Ἴσι
1168 2767 1273 2842 τὴν
1308 2766 1494 2843 ὁρτὴν,
1533 2765 1744 2842 εἴρηται
1777 2759 1913 2838 πρό-

304 2854 468 2932 τερόν
490 2880 610 2931 μοι.
691 2854 995 2914 τύπτονται
1019 2857 1124 2929 μὲν
1148 2880 1261 2931 γαρ
1292 2853 1361 2929 δη
1388 2878 1531 2928 μετα
1568 2875 1677 2925 την
1711 2848 1912 2925 θυσίην

303 2941 510 3006 πάντες
530 2944 624 3002 καὶ
649 2945 850 3012 πᾶσαι,
869 2942 1129 3020 μυριαδες
1150 2940 1327 3018 κάρτα
1350 2938 1567 2999 πολλαὶ
1590 2936 1909 3013 ἀνθρώπων·

302 3055 404 3090 τον
429 3030 490 3089 δὲ
512 3030 816 3090 τύπτονται
843 3029 909 3089 οὔ
931 3055 1032 3106 μοι
1065 3028 1227 3089 ὅσιόν
1253 3033 1378 3088 ἔστι
1408 3027 1613 3107 λέγειν.
1694 3023 1825 3084 ὅσοι
1850 3022 1913 3083 δὲ

304 3120 513 3194 Καρῶν
539 3118 654 3179 εἶσι
680 3122 740 3177 ἐν
765 3115 1031 3199 Αἰγύπτῳ
1059 3117 1346 3184 οἰκέοντες,
1386 3138 1540 3173 ουτοι
1572 3112 1632 3171 δὲ
1656 3109 1911 3189 τοσούτω

304 3204 388 3266 ἔτι
423 3206 583 3265 πλέω
620 3208 852 3265 ποιεῦσι
889 3204 1115 3274 τούτων,
1150 3203 1267 3282 ὅσῳ
1306 3202 1400 3260 καὶ
1438 3200 1511 3260 τοὶ
1548 3200 1779 3276 μέτωπα
1820 3195 1909 3258 κό-

302 3316 542 3354 πτονται
579 3293 917 3372 μαχαίρῃσι·
965 3292 1059 3352 καὶ
1097 3290 1275 3368 τούτω
1315 3289 1427 3349 εἰσι
1468 3285 1706 3363 δῆλοι
1672 3312 1761 3348 οτι
1798 3284 1913 3346 εισι
