2250 3500
336 141 403 188 80
941 138 1309 187 ἮΡοΔοτοτ·
1863 135 1944 201 [Ι.·

333 219 626 295 Τάβαλον·
667 219 760 278 καὶ
783 219 950 278 τοῦτο
973 221 1078 297 μὲν
1102 217 1383 296 Πριηνέας
1410 215 1941 296 ἐξηνδραποδίσατο,

338 309 508 367 τοῦτο
535 305 595 364 δὲ
619 305 944 384 Μαιάνδρου
969 306 1160 366 πεδίον
1184 309 1298 366 πᾶν
1325 305 1599 382 ἐπέδραμε
1624 305 1791 382 ληΐην
1816 333 1941 370 ποι-

337 393 561 470 ει’μενος
600 397 677 472 τῷ
717 399 955 474 στρατῷ,
990 393 1331 474 Μαγνησίην
1362 393 1422 452 δὲ
1462 390 1741 456 ὦσαύτως·
1792 399 1941 471 μετοὶ

245 483 356 542 162
376 481 436 540 δὲ
472 485 650 541 ταῦτα
685 479 882 541 αὐτίκα
905 480 1089 560 νούσῳ
1111 484 1366 560 τελευτᾷ.
1430 479 1844 546 Ἀποθανόντος
1877 486 1940 546 δὲ

333 568 549 640 τούτου,
574 567 868 650 Ἀρπαγος
905 571 1120 645 κατέβη
1158 568 1416 647 διάδοχος
1447 571 1549 643 τῆς
1574 571 1935 650 στρατηγίης,

336 657 496 737 γένος
523 657 616 716 καὶ
641 655 809 720 αὗτός
841 656 942 716 ἐῶν
967 657 1182 731 Μῆδος,
1208 653 1389 734 (πῖν’
1356 682 1388 714 ο
1415 653 1624 731 Μήδων
1653 656 1938 731 βασιλευς

333 743 652 825 Ἀστυάγης
683 742 870 824 οἷνόμω
903 744 1150 852 τραπέζῃ
1186 741 1479 821 ὲ’δαισε,)ε
1448 769 1479 802 ο
1512 746 1590 822 τῷ
1630 743 1797 824 Κύρῳ
1830 771 1938 822 την

333 833 648 910 βασιληίην
688 830 1311 912 σ-ιηκκατεργασάμενος.
1379 827 1539 894 οὗτος
1582 829 1625 889 ὦ
1636 829 1757 908 ’νηρ
1805 833 1935 894 τότε

331 919 442 980 ivd
471 919 662 997 Κύρου
687 943 1006 1000 στρατηγος
1040 917 1439 996 ἀποδεχθεὶς
1398 943 1469 981 ως
1494 915 1725 979 ἀπίκετο
1752 924 1807 983 ἐς
1830 919 1937 996 τὴν

334 1006 564 1082 Ἰωνίην,
593 1005 742 1083 αἵρεε
771 1006 872 1069 τοῖς
905 1005 1110 1069 πόλιας
1142 1005 1389 1085 χῶμασι·
1431 1004 1570 1069 ὅκως
1602 1005 1712 1086 γὰρ
1749 1009 1935 1087 τειχή-

334 1119 466 1172 ρεας
499 1093 771 1168 ποιήσειε,
796 1093 864 1154 τό
889 1092 1139 1155 ἐνθεῦτεν
1163 1092 1399 1172 χώματα
1423 1096 1541 1172 χῶν
1566 1093 1708 1171 πρός
1730 1094 1801 1154 τὰ
1826 1097 1936 1156 τεί-

335 1208 442 1260 χεα
469 1181 719 1259 ἐπόρθεε.
781 1181 974 1261 πρώτῃ
1000 1181 1061 1241 δὲ
1086 1182 1309 1260 Φωκαίῃ
1332 1180 1542 1258 Ἰωνίης
1568 1183 1915 1261 ἐπεχείρησε.

245 1271 361 1331 163
461 1273 535 1330 Οἱ
559 1269 621 1330 δὲ
646 1271 915 1333 Φωκαιέες
942 1267 1096 1331 οὗτοι
1111 1269 1432 1349 ναυτιλίῃσι
1454 1274 1705 1350 μακρῇσι
1724 1275 1937 1348 πρῶτοι

333 1357 624 1435 Ἑλλήνων
663 1357 999 1437 ἐχρήσαντο·
1054 1358 1148 1417 καὶ
1186 1356 1286 1418 τόν
1324 1383 1388 1418 τε
1430 1356 1656 1435 Ἀδρίην
1695 1359 1789 1417 καὶ
1831 1359 1937 1435 τήν

334 1447 653 1525 Τυρσηνίην·
685 1447 778 1506 καὶ
808 1446 910 1522 τήν
939 1444 1199 1525 Ἰβηρίην
1226 1445 1317 1504 καὶ
1351 1445 1450 1505 τὸν
1480 1445 1820 1523 Ταρτησσόν
1845 1444 1937 1508 οὗ·

333 1535 430 1595 τοί
460 1540 572 1595 εἶσι
597 1537 652 1594 οἱ
678 1534 1088 1604 καταδέξαντες·
1131 1533 1523 1594 ἐναυτίλλοντο
1550 1533 1611 1593 δὲ
1635 1533 1700 1594 οὗ
1730 1559 1937 1617 στρογ-

334 1622 549 1704 γύλῃσι
572 1623 740 1698 νηυσὶ
765 1621 922 1680 ἅλλοὶ
943 1621 1448 1699 πεντηκοντέροισι.
1514 1620 1843 1699 ἀπικόμενοι
1876 1625 1938 1684 δὲ

337 1716 392 1775 ἐς
423 1709 522 1771 τᾶν
557 1708 912 1789 Ταρτησσὸν,
939 1709 1289 1788 προσφιλέες
1320 1710 1573 1793 ἐγένοντο
1597 1713 1675 1791 τῷ
1696 1711 1939 1788 βασιλέῖ

336 1804 448 1860 τῶν
482 1798 870 1876 Ταρτησσίων,
905 1802 984 1877 τῷ
1023 1796 1233 1875 οὕνομα
1270 1800 1375 1876 μὲν
1406 1797 1479 1875 ἦν
1509 1796 1936 1881 Ἀργανθώνιος·

338 1885 697 1963 ἐτυράννευσε
732 1886 792 1945 δὲ
823 1890 1164 1964 Ταρτησσοῦ
1200 1884 1518 1968 ὀγδώκοντα
1551 1888 1691 1959 ἔτεα,
1728 1888 1939 1963 ἐβίωσε

337 1976 398 2035 δὲ
441 1974 626 2036 πάντα
672 1975 854 2035 εἴκοσι
905 1974 998 2034 καὶ
1049 1973 1263 2035 ἑκατόν.
1343 1974 1519 2055 τούτῳ
1564 1975 1623 2035 δὲ
1663 1978 1741 2054 τῷ
1780 1974 1939 2055 ἀνδρὶ

334 2065 685 2142 προσφιλέες
721 2066 776 2123 οἶ
810 2064 1081 2127 Φωκαιέες
1115 2061 1257 2123 οὕτω
1285 2062 1355 2139 δή
1377 2088 1435 2123 τι
1461 2063 1732 2144 ἐγένοντο,
1761 2090 1834 2127 ως
1866 2090 1939 2125 τα

334 2155 439 2230 μὲν
478 2152 674 2232 πρῶτά
716 2157 903 2230 σφεας
947 2150 1279 2214 ἐκλιπόντας
1322 2150 1534 2228 Ἰωνίην
1576 2152 1797 2211 ἐκέλευε
1836 2157 1938 2229 τῆς

337 2244 539 2302 ἑωυτοῦ
572 2240 758 2321 χώρης
791 2245 1018 2316 οἰκῆσαι
1050 2240 1187 2301 ὅκου
1215 2236 1547 2316 βούλονται·
1585 2264 1731 2317 μετα
1762 2240 1909 2312 δὲ,”
1866 2266 1938 2305 ως

334 2328 502 2389 τοῦτό
531 2353 600 2408 γε
631 2328 732 2387 οὐκ
773 2328 958 2387 ἔπειθε
988 2353 1120 2390 τους
1156 2325 1455 2398 Φωκαιέας,
1482 2354 1513 2386 ο
1498 2325 1601 2387 ’δὲ
1626 2326 1948 2405 πυθόμενος,

335 2414 436 2473 τόν
467 2413 668 2489 Μῆδον
704 2412 833 2490 παρ’
861 2413 1041 2473 αὐτῶν
1078 2413 1151 2477 ὥς
1188 2412 1427 2486 αὔξοιτο,
1456 2414 1639 2475 ἐδίδου
1664 2421 1778 2491 σφι
1801 2415 1937 2495 χρή-

338 2525 490 2578 ματα
541 2502 727 2578 τεῖχος
777 2501 1197 2577 περιβαλέσθαι
1245 2502 1349 2579 τήν
1396 2502 1587 2564 πόλιν·
1649 2503 1827 2564 ἐδίδου
1878 2506 1939 2565 δὲ

337 2586 623 2664 ἀφειδέως·
678 2612 769 2645 και
798 2612 910 2667 γαρ
948 2588 1040 2647 καὶ
1077 2588 1117 2665 ἦ
1158 2591 1415 2667 περίοδος
1451 2595 1554 2651 τοῦ
1591 2591 1808 2670 τείχεος
1838 2592 1939 2655 οὐκ

341 2674 530 2755 ὀλίγοι
571 2672 797 2733 σταδιοί
836 2700 966 2733 εισι·
1016 2702 1185 2737 τουτο
1225 2677 1287 2737 δε
1320 2682 1434 2739 πᾶν
1468 2680 1643 2740 λίθων
1677 2679 1940 2761 μεγαλων

245 2765 361 2822 164
381 2763 474 2821 καὶ
518 2786 577 2819 ευ
625 2762 1114 2839 συναρμοσμένων.
1180 2763 1259 2825 Το
1308 2768 1414 2844 μὲν
1454 2766 1523 2843 δη
1564 2771 1751 2846 τεῖχος
1786 2771 1941 2830 τοῖσι

339 2850 653 2907 Φωκαιεῦσι
686 2848 872 2929 τρόπω
901 2852 1091 2931 τοιῷδε
1121 2844 1439 2931 ἐξεποιήθη.
1505 2854 1538 2916 ὁ
1564 2856 1625 2917 δὲ
1648 2855 1941 2937 Αρπαγος

341 2933 416 2995 ὥς
455 2934 699 2993 ἐπέλασε
733 2934 836 3010 τὴν
871 2940 1159 3016 στρατιὴν,
1192 2940 1515 3019 ἐπολιόρκεε
1548 2942 1763 3015 αὐτους,
1804 2970 1941 3023 προ·

341 3018 644 3095 ἰ’σχόμενος
675 3021 808 3081 ἔπεα
849 3032 886 3058 “
901 3024 971 3087 ὥς
1002 3029 1058 3086 οἱ
1097 3032 1367 3107 καταχρᾷ,
1386 3033 1446 3091 εἰ
1478 3030 1791 3106 βούλονται
1824 3039 1941 3093 Φω-

345 3106 522 3167 καιέες
557 3115 930 3189 προμαχεῶνα
962 3112 1056 3172 ἕνα
1086 3117 1295 3189 μοῦνον
1324 3120 1424 3173 τοῦ
1456 3118 1671 3195 τείχεος
1708 3122 1942 3198 ἐρεῖψαι,

348 3192 441 3251 καὶ
471 3192 674 3270 οἴκημα
715 3197 774 3258 ἓν
806 3198 1145 3274 κατιρῶσαι·
1205 3224 1259 3257 οι
1294 3199 1355 3259 δε
1386 3205 1660 3268 Φωκαιέες
1681 3232 1945 3285 περιημε-

348 3280 592 3344 κτέοντες
628 3288 702 3363 ’τῇ
729 3282 1063 3365 δουλοσύνῃ,
1089 3285 1315 3361 εφασαν
1350 3297 1385 3324 “
1405 3289 1589 3351 θέλειν
1624 3293 1947 3367 βουλεύσα-
