2250 3500
301 100 400 150 136
541 125 548 132 ·
917 99 1286 151 ἩΡοΔοωοτ
1802 99 1903 165 [11.

301 178 365 238 δὲ
422 183 479 243 ἐς
528 176 661 243 τοῦς
717 179 940 255 Λίβυας
997 179 1294 258 οἰχομένην
1344 178 1614 240 πελειάδα
1670 180 1909 262 λέγουσι

292 265 593 342 Ἀμμωνος
616 265 963 345 χρηστήριον
983 271 1247 326 κελεῦσαι
1265 266 1395 330 τούς
1408 268 1629 343 Λίβυας
1647 267 1907 328 ποιέειν·”

307 355 431 414 ἔστι
476 353 537 412 δὲ
579 355 672 413 καὶ
709 357 875 414 τοῦτο
911 355 1065 418 Διός.
1151 354 1489 414 Δωδωναίων
1530 355 1591 414 δὲ
1634 358 1696 415 αἱ
1736 355 1911 432 ἶρήῖαι

310 443 443 522 (τῶν
483 445 556 520 τῇ
598 441 967 521 πρεσβυτάτῃ
1013 440 1223 518 οὔνομα
1263 441 1334 518 ἦν
1375 443 1712 519 Προμένεια,
1739 447 1813 521 τῇ
1850 444 1911 504 δὲ

305 527 447 607 μετσῖ
487 530 693 606 ταύτην
731 530 1029 607 Τιμαρέτη,
1068 533 1143 608 τῇ
1182 530 1243 589 δὲ
1290 530 1531 610 νεωτάτῃ
1578 529 1910 610 Νικάνδρη,)

307 618 504 698 ἔλεγον
541 622 734 679 ταῦτα·
781 617 1213 698 συνωμολόγεον
1254 617 1318 677 δέ
1354 624 1469 694 σφι
1509 619 1603 678 καὶ
1642 621 1697 678 οἶ
1736 617 1911 679 ἄλλοι

212 707 289 766 56
313 707 630 767 Δωδωναῖοι
656 710 710 767 οἶ
734 705 864 782 περὶ
887 705 954 765 τό
977 705 1116 782 ἱρόν.
1172 705 1321 787 Ἐγῶ
1347 704 1393 764 δ’
1414 707 1522 786 ἔχω
1548 707 1677 784 περὶ
1700 705 1911 768 αὐτέων

306 793 532 876 γνώμην
556 793 740 870 τήνδε·
783 797 831 851 εἰ
861 790 1111 868 ἀληθέως
1137 795 1193 853 οἱ
1223 794 1473 857 Φοίνικες
1510 794 1784 876 ἐξήγαγον
1807 793 1912 859 τοὶς

310 881 431 959 ἶρσῖς
453 885 731 989 γυναῖκας,
759 880 852 938 καὶ
875 879 979 955 τὴν
1011 883 1116 957 μὲν
1152 878 1359 944 αὖτέων
1387 886 1442 945 ε’ς
1470 881 1695 958 Λιβύην
1718 881 1824 958 τὴν
1849 883 1911 942 δὲ

309 973 365 1032 ἐς
401 994 505 1044 την
539 967 794 1028 Ελλάδα
827 966 1116 1038 απέδοντο,
1145 968 1323 1028 δοκέει
1358 969 1484 1045 ε’μοὶ
1512 995 1549 1045 η
1584 969 1727 1050 γυνὴ
1766 969 1911 1046 αὕτη

306 1082 408 1132 της
427 1059 523 1116 νῦν
539 1054 816 1119 Ἑλλάδος
841 1054 1112 1133 πρότερον
1141 1055 1199 1115 δὲ
1219 1056 1551 1138 Πελασγίης
1572 1057 1911 1134 καλευμένης

308 1148 410 1220 τῆς
437 1143 606 1219 αυτῆς
639 1141 843 1220 ταύτης
879 1135 1163 1220 πρηθῆναι
1200 1148 1256 1207 ἐς
1292 1143 1679 1222 Θεσπρωτους,
1721 1146 1911 1204 ἔπειτα

313 1231 658 1292 δουλευουσα
688 1230 883 1292 αὐτόθι
915 1231 1325 1308 ἱδρυσασθαιο
1290 1231 1402 1292 υπό
1438 1236 1605 1313 φηγῷ
1628 1232 1911 1312 πεφυκυίῃ

312 1319 504 1384 Διός“
487 1319 622 1402 ιρόν·
666 1318 854 1398 ὥσπερ
889 1318 960 1395 ἦν
992 1320 1147 1430 οἶκός
1180 1319 1739 1398 αμφιπολεύουσαν’
1713 1346 1772 1381 εν
1798 1320 1911 1396 Θή-

309 1409 502 1488 βῃσι“
487 1408 604 1487 ιρὸν
631 1407 786 1479 Διός,
815 1406 1008 1468 ἔνθα’
973 1408 1204 1468 απίκετο
1230 1408 1465 1468 ε’νθαῦτα
1490 1407 1715 1485 μνήμην
1741 1407 1912 1469 αὖτου

311 1499 475 1576 ἔχειν·
531 1501 592 1556 ἐκ
634 1497 693 1556 δὲ
729 1496 944 1567 τούτου,
984 1494 1333 1574 χρηστήριον
1372 1495 1750 1585 κατηγήσατο,
1790 1497 1918 1556 ἐπεί

309 1608 374 1643 τε
415 1585 702 1661 συνέλαβε
742 1584 846 1659 τήν
885 1583 1142 1642 Ἐλλάδα
1180 1586 1478 1663 γλωσσαν·
1536 1575 1713 1660 φάναι
1754 1583 1817 1642 δέ
1857 1587 1911 1644 οἶ

313 1670 596 1748 ἀδελφεὴν
632 1677 690 1730 ἐν
713 1669 906 1750 Λιβυῃ
931 1671 1326 1746 πεπρῆσθαι“
1293 1671 1403 1732 υπὸ
1440 1675 1550 1732 τῶν
1578 1670 1757 1732 αὐτων
1781 1679 1910 1732 Φοι-

217 1761 293 1821 57
313 1760 490 1829 νίκων,
515 1758 607 1817 υπ’
645 1756 719 1817 ὧν
753 1760 847 1817 καὶ
882 1757 1022 1834 αὖτή
1063 1758 1298 1837 ἐπρήθη.
1381 1758 1684 1824 Πελειάδες
1718 1761 1781 1821 δέ
1810 1786 1911 1837 μοι

313 1847 571 1907 δοκέουσι
616 1846 892 1922 κληθῆναι
935 1846 1078 1923 πρός
1131 1848 1467 1908 Δωδωναίων
1513 1848 1605 1908 ἐπὶ
1648 1849 1810 1908 τοῦδε
1852 1852 1911 1908 αἱ

310 1937 579 2016 γυναῖκες,
632 1933 773 1994 διότι
823 1933 1116 2012 βάρβαροι
1165 1933 1334 2011 ἦσαν·
1412 1934 1630 1997 ἐδόκεον
1684 1936 1747 1995 δέ
1798 1943 1911 2013 σφι

313 2023 514 2101 ὁμοίως
535 2022 718 2102 ὄρνισι
735 2024 1106 2105 φθέγγεσθαι·
1134 2023 1279 2102 μετὰ
1296 2024 1357 2085 δὲ
1381 2023 1584 2103 χρόνον
1602 2024 1706 2101 τὴν
1727 2029 1906 2084 πελει-

312 2112 420 2172 άδα
450 2111 770 2191 σῖνθρωπηΐῃ
809 2115 968 2191 φωνῇ
999 2111 1365 2183 αὐδάξασθαι,
1391 2111 1677 2194 [λέγουσι]
1704 2114 1831 2172 ε’πεί
1848 2137 1911 2173 τε

311 2199 518 2263 συνετά
542 2207 654 2277 σφι
679 2201 820 2276 ηὔδα
843 2200 882 2277 ἦ
908 2200 1068 2280 γυνή·
1111 2201 1211 2265 ἔως
1230 2200 1289 2260 δὲ
1310 2199 1670 2277 ἐβαρβάριζε,
1692 2200 1911 2277 ὄρνιθος

311 2287 523 2365 τρόπον
549 2288 732 2349 ἐδόκεέ
757 2294 870 2364 σφι
898 2288 1271 2370 φθέγγεσθαι.
1355 2288 1474 2348 ἐπεὶ
1498 2287 1602 2367 τέῳ
1628 2288 1819 2368 τρόπῳ
1844 2287 1911 2348 ἂν

312 2373 540 2437 πελειάς
554 2400 624 2454 ’γε
649 2373 968 2452 ἀνθρωπηίῃ
990 2380 1151 2455 φωνῇ
1178 2375 1519 2457 φθέγξαιτο;
1561 2376 1835 2452 μέλαιναν
1852 2376 1911 2443 δὲ

313 2460 572 2540 λέγοντες
589 2460 725 2520 εἶναι
743 2460 848 2537 τὴν
860 2462 1147 2533 πελειάδα,
1170 2465 1509 2540 σημαίνουσι
1530 2462 1617 2523 ὅτι
1632 2464 1911 2543 Αἰγυπτίη

313 2545 352 2623 ἦ
377 2547 517 2629 γυνὴ
542 2546 632 2625 ἦν.
713 2575 750 2625 η
779 2549 839 2609 δὲ
863 2550 1103 2626 μαντηιη
1139 2549 1177 2627 ἦ
1208 2576 1271 2611 τε
1308 2556 1367 2611 έν
1392 2550 1627 2631 Θήβῃσι
1651 2554 1791 2629 τῇσι
1817 2554 1909 2611 Αἰ-

310 2637 582 2717 γυπτίῃσι
634 2636 726 2697 καὶ
779 2642 837 2697 έν
873 2637 1113 2718 Δωδώνῃ
1166 2637 1566 2716 παραπλήσιαι
1616 2636 1913 2718 αλλήλῃσι

308 2725 654 2806 τυγχάνουσι
684 2728 894 2786 εὀυσαι·
937 2727 1059 2787 ἔστι
1091 2728 1153 2788 δὲ
1184 2728 1277 2787 καὶ
1305 2730 1416 2789 τῶν
1444 2728 1573 2805 ἷρῶν
1598 2724 1638 2803 ἦ
1672 2751 1911 2803 μαντικη

312 2810 408 2872 ἀπ’
434 2812 720 2895 Αἰγύπτου
745 2813 1043 2896 ἀπιγμένη.

217 2901 294 2959 58
395 2900 715 2983 Πανηγῦρις
755 2902 889 2963 δε”
853 2929 963 2980 αρα
1002 2903 1095 2963 καὶ
1134 2903 1364 2980 πομπὰς
1404 2903 1499 2963 καὶ
1536 2928 1913 2986 προσαγωγας

309 2990 521 3064 πρῶτοι
572 2988 876 3067 σῖνθρωπων
921 2989 1251 3071 Αἰγύπτιοί
1261 2995 1374 3051 εισι
1418 2993 1474 3051 οἱ
1520 2991 1911 3069 ποιησάμενοι·

312 3074 404 3131 καὶ
428 3076 582 3152 παραὶ
611 3076 818 3137 τούτων
840 3077 1120 3152 ’Έλληνες
1150 3078 1533 3153 μεμαθήκασι.
1612 3079 1914 3157 τεκμήριον

311 3156 375 3215 δέ
397 3183 497 3231 μοι
520 3162 721 3222 τούτου
747 3163 894 3223 τόδε·
937 3166 995 3222 αἶ
1020 3188 1127 3240 μεν
1150 3188 1263 3243 γαρ
1285 3165 1629 3238 φαίνονται’
1602 3192 1664 3226 εκ
1688 3171 1915 3227 πολλοῦ

311 3264 408 3299 τευ
458 3246 664 3321 χρόνου
715 3249 1053 3326 ποιεύμεναι,
1106 3252 1167 3309 αἶ
1220 3249 1281 3309 δὲ
1324 3250 1659 3327 Ἑλληνικαι
1712 3280 1915 3315 νεωστι
