2250 3500
337 139 622 206 Ill—113]
1027 143 1253 195 ΚΔΕῙΩ.
1874 143 1936 196 57

327 219 540 302 πάγου·
587 220 681 281 καὶ
720 219 966 300 πρόκατε
1010 221 1078 298 δὴ
1119 221 1239 282 κατ’
1278 221 1409 284 ὅδόν
1448 221 1801 300 πυνθάνομαι
1838 221 1939 282 τᾶν

329 308 518 370 πάντα
558 309 735 391 λόγον
780 308 1135 388 θεράποντος,
1182 309 1245 374 ὃς
1298 312 1394 388 ἐμὲ
1443 312 1789 388 προπέμπων
1836 311 1938 380 ἔξω

329 396 532 461 πόλιος
567 398 869 476 ἐνεχείρισε
901 397 970 458 τό
1003 399 1244 476 βρέφος·
1287 397 1359 462 ὥς
1392 396 1503 475 ἄρα
1538 397 1841 474 Μανδάνης
1871 424 1937 458 τε

331 485 418 560 εἴη
436 489 570 548 παῖς
591 491 696 562 τῆς
714 484 1040 568 Ἀστυᾶγεω
1059 485 1351 567 θυγατρός,
1374 487 1467 546 καὶ
1487 485 1817 562 Καμβύσεω
1834 491 1935 548 τοῦ

331 572 542 651 Κύρου·
596 576 694 633 καί
731 599 832 651 μιν
868 573 1187 654 Ἀστυάγης
1226 575 1549 633 ἐντέλλεται
1592 573 1931 635 α’ποκτεῖναι·

329 664 428 721 νῦν
452 686 516 720 τε
542 660 635 721 ὅδε
663 659 836 721 ἐστί.”
891 660 1052 738 Ἀμα
1077 661 1139 721 δὲ
1162 665 1341 721 ταῦτα
1366 661 1525 743 ἔλεγε
1549 659 1581 721 ὅ
1611 661 1893 738 βουκόλος
1911 663 2026 723 112

331 748 424 807 καὶ
465 748 781 826 ἐκκαλύψας
815 748 1151 809 ἀπεδείκνυε·
1190 748 1230 825 ἦ
1266 749 1327 810 δὲ
1362 748 1433 812 ὥς
1469 749 1579 808 εἶδε
1609 749 1677 810 τό
1712 750 1933 812 παιδίον

327 836 477 919 μέγα
513 863 576 897 τε
617 837 710 896 καὶ
751 836 949 901 εὐειδὲς
988 837 1094 910 ἐόν,
1130 837 1463 915 δακρύσασα
1502 837 1595 897 καὶ
1634 838 1931 916 λαβομένη

326 929 438 984 τῶν
466 924 749 1006 γουνάτων
778 929 879 987 τοῦ
915 925 1127 1003 ἀνδρὸς,
1157 927 1351 1006 ἔχρῃζε
1380 925 1626 1006 μηδεμιῇ
1648 927 1819 1006 τέχνῃ
1846 932 1928 986 ε’κ-

329 1012 511 1072 θεῖναί
537 1038 654 1091 μιν·
696 1013 729 1073 ὁ
763 1013 824 1073 δὲ
861 1011 962 1072 οὔκ
999 1015 1108 1090 ἔφη
1140 1013 1257 1077 οἶός
1288 1039 1352 1074 τε
1386 1013 1525 1075 εἶναι
1562 1013 1747 1078 ἄλλως
1786 1012 1927 1075 αὐτοὶ

326 1101 552 1163 ποιέειν·
593 1100 982 1178 ἐπιφοιτήσειν
1004 1101 1116 1183 γσὶρ
1145 1100 1533 1166 κατασκόπους
1556 1103 1619 1172 ἐξ
1637 1102 1927 1185 Ἀρπάγου

329 1190 726 1267 ἐποψομένους·
767 1189 1119 1250 ἀπολέεσθαί
1152 1215 1214 1250 τε
1254 1189 1495 1252 κάκιστα
1530 1189 1601 1266 ἢν
1644 1191 1727 1268 μή
1772 1197 1929 1268 σφεα

325 1276 560 1356 ποιήσῃ·
604 1277 674 1341 ὥς
713 1278 774 1337 δὲ
814 1276 913 1338 οὐκ
957 1278 1139 1337 ἔπειθε
1178 1276 1287 1356 ἄρα
1324 1277 1424 1338 τόν
1468 1277 1657 1355 ἄνδρα,
1700 1278 1925 1356 δεύτερα

326 1365 486 1444 λέγει
503 1363 540 1439 ἦ
559 1363 698 1446 γυνὴ
718 1364 868 1424 τάδε·
897 1375 932 1400 “
939 1367 1058 1424 ἐπεὶ
1075 1364 1261 1425 τοίνυν
1286 1363 1351 1424 οὗ
1370 1363 1609 1442 δύναμαί
1630 1391 1699 1426 σε
1718 1367 1927 1426 πείθειν

324 1449 410 1526 μή
434 1452 685 1524 ἐκθεῖναι,
707 1451 780 1512 σε)
801 1453 860 1512 δὲ
887 1450 991 1512 ὧδε
1008 1453 1269 1529 ποίησον,
1288 1456 1336 1512 εἷ
1354 1451 1423 1527 δὴ
1444 1451 1607 1512 πᾶσά
1624 1480 1692 1534 γε
1711 1451 1925 1534 ἀνάγκη

325 1537 574 1615 ὀφθῆναι
606 1541 934 1618 ἐκκείμενον·
973 1541 1175 1600 τέτοκα
1208 1539 1319 1622 γὰρ
1356 1541 1449 1598 καὶ
1486 1539 1610 1621 ἐγω,
1636 1541 1835 1600 τέτοκα
1864 1541 1925 1600 δὲ

322 1627 562 1690 τεθνεός·
592 1632 758 1689 τοῦτο
783 1631 887 1706 μὲν
907 1628 1092 1706 φέρων
1115 1627 1335 1706 πρόθες,
1355 1626 1455 1689 τᾶν
1479 1627 1539 1688 δὲ
1562 1632 1663 1704 τῆς
1686 1627 1925 1690 Ἀστυά-

321 1741 432 1797 γεω
468 1716 741 1800 θυγατρός
769 1716 945 1777 παῖδα
984 1715 1055 1781 ὥς
1095 1716 1159 1787 ἐξ
1193 1715 1379 1794 ἡμέων
1414 1714 1575 1777 ἐόντα
1612 1717 1921 1796 τρέφωμεν·

325 1805 416 1864 καὶ
453 1805 594 1865 οὕτω
635 1804 761 1866 οὔτε
799 1804 873 1866 m}
909 1803 1161 1865 ἁλώσεαι
1195 1805 1423 1867 ἀδικέων
1459 1804 1590 1869 τσῦς
1627 1806 1920 1878 δεσπότας,

324 1890 451 1953 οὕτε
475 1892 610 1970 ἤμῖν
637 1895 816 1956 κακῶς
842 1895 1271 1970 βεβουλευμένα
1296 1894 1475 1954 ἔσται·
1514 1893 1549 1954 ὅ
1577 1920 1641 1955 τε
1664 1893 1776 1976 γὰρ
1798 1896 1922 1956 τεθ-

321 1980 456 2044 νεῶς
491 1982 803 2059 βασιληίης
840 1985 1028 2058 ταφῆς
1066 1981 1315 2060 κυρήσει,
1349 1984 1442 2042 καὶ
1480 1982 1515 2043 ὅ
1553 1982 1786 2059 περιεῶν
1820 1982 1919 2042 οιῖκ

321 2067 554 2129 ἀπολέει
578 2071 682 2146 τήν
708 2068 943 2149 ψυχήν.”
1012 2069 1212 2147 Κάρτα
1241 2095 1303 2130 τε
1336 2070 1488 2139 ἔδοξε
1516 2072 1594 2147 τῷ
1616 2068 1879 2147 βουκόλῳ
1899 2072 2014 2129 113

317 2156 462 2234 πρὸς
483 2157 557 2218 τοὶ
579 2157 856 2236 παρεόντα
885 2156 944 2217 εὖ
964 2158 1151 2238 λέγειν
1167 2156 1205 2233 ἦ
1222 2155 1379 2237 γυνὴ,
1402 2157 1495 2215 καὶ
1519 2154 1716 2215 αὐτίκα
1741 2157 1920 2216 ἐποίεε

317 2248 514 2306 ταῦτα.
595 2246 694 2307 τόν
722 2249 826 2323 μὲν
853 2246 1016 2323 ἔφερε
1042 2243 1377 2304 θανατώσων
1399 2243 1573 2302 παῖδα
1595 2248 1793 2303 τοῦτον
1815 2246 1921 2320 μὲν

317 2334 616 2411 παραδιδοῖ
649 2337 723 2413 τῇ
764 2337 963 2394 ἑωυτοῦ
1001 2333 1237 2415 γυναικὶ,
1276 2331 1377 2392 τόν
1416 2331 1477 2391 δὲ
1516 2334 1718 2391 ἑωυτοῦ
1757 2331 1919 2393 ἐόντα

317 2420 512 2500 νεκρὸν
550 2423 752 2499 λαβών
791 2423 952 2498 ἔθηκε
992 2426 1048 2485 ἐς
1085 2420 1153 2481 vd
1192 2420 1377 2503 ἄγγος.
1405 2426 1465 2481 ἐν
1500 2425 1579 2501 τῷ
1615 2423 1779 2501 ἔφερε
1816 2422 1916 2484 τᾶν

319 2510 524 2587 ἕτερον·
566 2510 864 2587 κοσμήσας
903 2510 964 2568 δὲ
1005 2514 1082 2588 τῷ
1128 2509 1325 2589 κόσμῳ
1368 2509 1537 2571 παντὶ
1578 2514 1679 2570 τοῦ
1724 2512 1916 2589 ἐτέρου

317 2596 529 2671 παιδός,
565 2598 750 2675 φέρων
789 2603 844 2661 ἐς
877 2597 944 2658 τό
987 2597 1330 2675 ἐρημότατον
1361 2601 1472 2657 τῶν
1512 2597 1715 2676 οὐρέων
1752 2600 1911 2659 τιθεῖ.

317 2684 484 2749 ὦς’δὲ
515 2687 677 2763 τρίτη
699 2685 882 2763 ἡμέρη
913 2688 988 2764 τῷ
1017 2685 1217 2764 παιδίῳ
1254 2685 1539 2764 ἐκκειμένῳ
1570 2686 1801 2767 ἐγένετο,
1826 2685 1914 2760 ἦῖε

315 2778 373 2837 ἐς
402 2772 574 2834 πόλιν
606 2773 637 2834 ὁ
672 2772 956 2851 βουκόλος
985 2776 1096 2833 τῶν
1127 2798 1255 2833 τινα
1288 2773 1631 2850 προβόσκων
1656 2771 1913 2849 φίλοικον

315 2860 488 2922 αὐτοῦ
526 2861 864 2933 καταλιπὼν,
903 2860 1082 2921 ἐλθῶν
1121 2861 1182 2919 δὲ
1221 2866 1278 2924 ἐς
1312 2866 1413 2921 τοῦ
1450 2860 1738 2940 Ἀρπάγου
1776 2859 1911 2920 οἷπο-

313 2949 588 3011 δεικνύναι
627 2952 737 3026 ἔφη
774 2952 994 3026 ἑτοῖμος
1029 2948 1170 3010 εἶναι
1205 2953 1307 3009 τοῦ
1340 2948 1563 3009 παιδίου
1598 2947 1699 3007 τὸν
1734 2948 1912 3008 νέκυν·

313 3038 544 3117 πέμψας
575 3038 636 3097 δὲ
666 3038 699 3098 ὁ
726 3037 1018 3118 Ἅρπαγος
1049 3041 1163 3097 τῶν
1194 3040 1395 3096 ἑωυτοῦ
1429 3034 1751 3113 δορυφόρων
1782 3034 1912 3099 τοῦς

311 3125 704 3197 πιστοτάτους,
733 3124 844 3184 εἶδέ
870 3150 934 3184 τε
965 3124 1056 3184 διὰ
1083 3122 1294 3184 τούτων
1326 3124 1417 3181 καὶ
1449 3124 1621 3199 ἔθαψε
1646 3127 1747 3180 τοῦ
1772 3125 1910 3198 βου-

315 3213 490 3273 κόλου
540 3213 609 3273 τὸ
659 3212 898 3271 παιδίον·
954 3213 1046 3271 καὶ
1094 3210 1163 3271 τό
1208 3212 1311 3285 μὲν
1364 3210 1649 3268 ἐτέθαπτο·
1700 3211 1799 3270 τόν
1850 3212 1911 3271 δὲ

313 3300 552 3377 ὕστερον
588 3299 798 3359 τούτων
837 3304 1026 3377 Κῦρον
1063 3296 1451 3373 ὀνομασθέντα
1486 3300 1911 3373 παραλαβοῦσα

473 3378 502 3419 6
