2250 3500
755 441 1463 556 ἨΡοΔοΤογ

547 630 1069 704 ἸΣΤΟΡΙΩΝ
1140 640 1205 702 Δ
1230 633 1660 704 ΕΥΤΕΡΗ.

1004 805 1205 833 -4-

294 1019 327 1080 1
425 1020 875 1097 Τελευτήσαντος
929 1023 991 1082 δὲ
1038 1022 1231 1100 Κύρου
1278 1023 1578 1102 παρέλαβε
1624 1019 1729 1099 τὴν
1778 1022 1955 1100 βασιν

343 1108 511 1184 ληΐην
543 1109 885 1186 Καμβύσης,
912 1109 1104 1188 Κύρου
1131 1111 1233 1172 ἐών
1258 1115 1391 1175 παῖς
1417 1113 1508 1171 καὶ
1535 1109 1955 1188 Κασσανδάνης

341 1199 443 1269 τῆς
457 1196 838 1274 ’Φαρνάσπεω
905 1198 1193 1280 θυγατρός·
1270 1203 1371 1275 τῆς
1421 1197 1951 1277 προαποθανούσης,

343 1288 532 1360 Κῦρος
575 1283 741 1349 αὐτός
778 1310 842 1345 τε
879 1285 1029 1367 μέγα
1063 1287 1268 1349 πένθος
1304 1286 1613 1362 ἐποιήσατο
1659 1285 1754 1344 καὶ
1796 1289 1954 1346 τοῖσι

341 1369 577 1432 ἄλλοισι
615 1375 850 1451 προεῖπε
883 1378 1032 1435 πᾶσι
1062 1379 1175 1434 τῶν
1214 1374 1356 1453 ἦρχε
1396 1374 1600 1436 πένθος
1634 1374 1946 1434 ποιέεσθαι·

339 1458 543 1536 ταύτης
562 1460 623 1520 δὲ
653 1465 755 1537 τῆς
789 1461 1049 1543 γυναικός
1076 1461 1179 1522 ἐών
1204 1466 1337 1525 παῖς
1364 1462 1455 1520 καὶ
1483 1460 1950 1538 Κύρου,Καμβύ-

341 1573 465 1625 σης,
495 1547 691 1613 Ἴωνας
724 1551 830 1625 μὲν
862 1550 952 1607 καὶ
985 1549 1228 1612 Αἰολέας
1262 1548 1333 1612 ὥς
1366 1548 1599 1613 δούλους
1639 1549 1951 1626 πατρωίους

341 1635 529 1699 ἐόντας
555 1636 782 1713 ἐνόμιζε,
813 1637 906 1694 ἐπὶ
943 1636 1003 1695 δὲ
1034 1637 1323 1716 Αἴγυπτον
1356 1638 1601 1696 ἐποιέετο
1627 1641 1947 1714 στρατηλα-

339 1724 488 1799 σιἠν,
533 1721 746 1787 ἄλλους
785 1747 849 1782 τε
883 1723 1237 1801 παραλαβών
1279 1727 1391 1786 τῶν
1432 1723 1575 1805 ἦρχε
1616 1725 1709 1785 καὶ
1742 1724 1825 1803 δή]
1853 1727 1949 1787 καὶ

351 1808 623 1885 Ελλήνων
646 1814 756 1871 τῶν
780 1810 1090 1889 ἐπεκράτεε.

282 1899 320 1953 2
421 1901 495 1958 Οἳ
534 1898 594 1958 δὲ
629 1898 940 1981 Αἰγύπτιοι,
977 1902 1110 1981 πρὶν
1141 1903 1246 1978 μὲν
1283 1900 1320 1978 ἢ
1360 1902 1719 1980 Ψαμμίτιχον
1752 1904 1947 1979 σφέων

336 1986 702 2063 βασιλεῦσαι,
725 1986 976 2065 ἐνόμιζον
994 1989 1225 2053 ἑωυτούς
1244 1989 1495 2067 πρώτους
1518 1991 1784 2071 γενέσθαι
1808 1990 1945 2052 πάν·
1978 2054 1985 2061 ,

336 2099 446 2137 των
477 2074 792 2154 ἀνθρώπων·
851 2076 1038 2155 ἐπειδὴ
1093 2078 1154 2137 δὲ
1193 2077 1547 2157 Ψαμμίτιχος
1584 2078 1947 2155 βασιλεύσας

335 2162 587 2242 ἠθέλησε
633 2165 829 2227 εἰδέναι
870 2166 1067 2229 οἵτινες
1106 2166 1363 2247 γενοίατο
1399 2169 1626 2243 πρῶτοι,
1668 2165 1782 2227 οἷπὸ
1816 2167 1943 2230 τού·

334 2276 435 2312 του
475 2255 766 2330 νομίζουσι
805 2253 1027 2335 Φρύγας
1067 2242 1371 2331 προτέρους
1408 2254 1674 2334 γενέσθαι
1715 2258 1942 2327 ἑωυτῶν,

334 2342 444 2400 τῶν
469 2339 528 2398 δὲ
554 2339 746 2399 ἄλλων
772 2340 1016 2403 ἑωυτούςρ
1067 2342 1424 2420 Ψαμμίτιχος
1456 2340 1567 2422 γὰρ
1594 2340 1668 2406 αἷς
1699 2340 1800 2401 οὐκ
1828 2342 1942 2403 ἐδύ·

337 2451 471 2485 νατο
515 2425 926 2502 πυνθανόμενος
966 2426 1143 2504 πόρον
1185 2428 1381 2488 οὐδένα
1423 2428 1623 2490 τούτου
1676 2428 1941 2507 ἀνευρεῖν,

335 2511 390 2571 οἳ
419 2512 674 2593 γενοίατο
714 2518 925 2590 πρῶτοι
965 2513 1285 2592 ἀνθρώπων,
1322 2520 1675 2596 ἐπιτεχνᾶται
1704 2518 1942 2578 τοιόνδε·

335 2600 530 2659 παιδία
556 2599 653 2661 δύο
685 2601 884 2684 νεογνοὶ
916 2601 1221 2680 ἀνθρώπων
1248 2606 1359 2664 τῶν
1395 2603 1764 2684 ἐπιτυχόντων
1801 2606 1945 2668 διδοῖ

334 2690 557 2766 ποιμένι
580 2691 807 2768 τρέφειν
840 2695 896 2754 ἐς
933 2690 1006 2751 τοὶ
1041 2692 1276 2769 ποίμνια
1310 2691 1532 2769 τροφήν
1555 2718 1681 2752 τινα
1703 2692 1941 2772 τοιήνδε,

334 2777 714 2855 ἐντειλάμενος
751 2779 964 2856 μηδένα
1004 2778 1193 2840 ἀντίον
1225 2778 1405 2840 αὐτῶν
1432 2780 1709 2857 μηδεμίαν
1750 2782 1944 2858 φωνὴν

335 2865 474 2925 ἱέναι
514 2871 573 2926 ἐν
611 2868 789 2948 στέγῃ
832 2867 892 2926 δὲ
927 2866 1107 2946 ἐρήμῃ
1145 2865 1231 2926 ἐπ’
1265 2870 1477 2928 ἑωυτῶν
1517 2869 1747 2928 κέεσθαι
1782 2869 1941 2941 αὐτὰ,

335 2952 427 3010 καὶ
465 2952 571 3027 τήν
618 2953 762 3030 ὥρην
805 2955 1111 3035 ἐπαγινέειν
1152 2958 1266 3029 σφι
1309 2954 1486 3036 αἶγας,
1534 2954 1840 3031 πλήσαντα
1880 2957 1941 3017 δὲ

331 3042 433 3098 τοῦ
487 3039 771 3120 γάλακτος
834 3040 1026 3100 τᾶλλα
1092 3039 1569 3116 διαπρήσσεσθαι·
1662 3046 1841 3103 ταῦτα
1893 3042 1941 3105 δ’

275 3160 282 3165 -
333 3126 517 3185 ἐποίεέ
539 3152 600 3185 τε
626 3127 718 3185 καὶ
743 3128 1064 3187 ἐνετέλλετο
1099 3124 1132 3184 ὅ
1159 3131 1529 3206 Ψαμμίτιχος,
1564 3130 1743 3190 θέλων
1776 3131 1942 3192 α’κοΰ·

335 3234 438 3267 σαι
469 3216 580 3271 τῶν
611 3214 857 3283 παιδίων,
891 3211 1371 3290 ἀπαλλαχθέντων
1399 3218 1509 3275 τῶν
1549 3214 1785 3293 ἀσήμων
1817 3245 1939 3279 κνυ-

335 3293 602 3371 ζημάτων,
637 3297 830 3372 ἥντινα
864 3297 1054 3374 φωνὴν
1090 3298 1328 3374 ῥήξουσι
1356 3300 1601 3378 πρώτην·
1654 3304 1834 3382 τάπερ
1862 3305 1940 3367 ὦν
