2250 3500
356 81 455 130 286
962 79 1332 129 ἯΡοΔοτοτ
1828 83 1954 148 [IV.

352 157 521 220 αύτόν
561 157 863 234 Ἀριστέην
892 156 1142 234 φανέντα
1175 163 1290 234 σφι
1330 161 1388 222 ἐς
1418 157 1524 234 τὴν
1547 157 1737 238 χώρην
1768 165 1957 222 κελεῦ-

354 272 456 308 σαι
479 245 680 322 βωμόν
702 244 1027 306 Ἀπόλλωνι
1052 244 1409 322 ἱδρύσασθαι,
1437 246 1530 305 καὶ
1555 247 1831 323 Ἀριστέω
1854 256 1959 310 τοῦ

352 333 779 412 Προκοννησίου
845 333 1156 410 ἐπωνυμίην
1217 334 1419 414 ἔχοντα
1476 333 1775 410 ἀνδριάντα
1825 338 1958 414 παρ’
2005 359 2012 362 ·

352 419 522 480 αύτόν
576 420 819 480 ἱστάναι·
886 420 1064 497 φάναι
1112 420 1244 502 γὰρ,
1299 423 1414 497 σφὶ
1463 420 1566 481 τᾶν
1615 420 1959 486 Ἀπόλλωνα

348 506 709 568 Ἰταλιωτέων
752 507 1012 586 μούνοισι
1050 507 1121 583 δὴ
1169 507 1472 569 ἀπικέσθαι
1513 513 1570 572 ἐς
1606 509 1712 586 τὴν
1750 511 1956 590 χώρην,

353 596 447 655 καὶ
472 595 638 659 αὐτός
672 597 727 655 οἱ
759 595 993 656 ἔπεσθαι
1028 595 1061 655 ὁ
1096 599 1195 655 νῦν
1229 595 1333 655 ἐῶν
1362 594 1680 672 Ἀριστέης·
1719 599 1851 659 τότε
1879 601 1955 672 δὲ,

354 683 448 744 ὅτε
470 685 655 744 εἵπετο
669 687 747 762 τῷ
762 684 885 761 θεῷ,
908 682 1045 742 εἶναι
1066 682 1258 758 κόραξ·
1300 683 1394 741 καὶ
1411 683 1511 743 τὸν
1529 684 1762 744 εἴπαντα
1778 690 1957 748 ταῦτα

354 770 753 848 ἀφανισθῆναι,
796 769 984 847 σφέας
1024 771 1085 830 δὲ
1116 770 1557 851 (Μεταποντῖνοι
1595 771 1860 853 λέγουσι)
1901 780 1957 839 ἐς

355 860 619 935 Δελφοῧς
638 858 966 936 πέμψαντας
989 857 1089 918 τόν
1110 857 1239 918 θεὸν
1259 861 1560 934 ἐπειρωτᾶν
1579 858 1612 918 ὅ
1639 884 1696 918 τι
1713 859 1781 920 τό
1806 861 1955 937 φάσ-

350 972 433 1023 μα
456 950 557 1006 τοῦ
584 945 877 1023 ἀνθρώπου
903 946 986 1021 εἴη
1005 970 1026 1020 ς,
1052 945 1159 1022 τὴν
1185 946 1245 1004 δὲ
1263 946 1484 1021 Πυθίην
1504 944 1693 1022 σφέας
1713 948 1956 1009 κελεύειν

352 1035 648 1094 πείθεσθαι
662 1037 740 1111 τῷ
755 1032 1034 1109 φάσματι,
1042 1033 1429 1112 πειθομένοισι
1448 1033 1508 1092 δὲ
1525 1032 1751 1110 ἄμεινον
1770 1038 1953 1096 συνοί-

354 1122 579 1183 σεσθαι·
610 1121 707 1179 καί
727 1127 911 1198 σφεας
947 1121 1276 1198 δεξαμένους
1301 1125 1478 1182 ταῦτα
1503 1125 1744 1198 ποιῆσαι
1779 1128 1954 1185 ἐπιτε·
1999 1123 2008 1130 ’

350 1209 477 1270 λέα.
535 1210 628 1269 καὶ
661 1211 759 1270 νῦν
796 1209 998 1285 ἔστηκε
1028 1209 1253 1286 ἀνδριὰς
1288 1211 1601 1287 ἐπωνυμίην
1635 1211 1777 1290 ἔχων
1805 1211 1955 1288 Ἀρι·

352 1297 498 1358 στέω
518 1296 648 1376 παρ’
670 1296 818 1378 αὐτῷ
841 1301 920 1376 τῷ
936 1296 1226 1379 ἀγάλματι
1249 1301 1352 1357 τοῦ
1376 1296 1759 1362 Ἀπόλλωνος·
1786 1298 1954 1377 πέριξ

350 1386 413 1446 δὲ
444 1386 612 1451 αὖτόν
644 1385 855 1463 δάφναι
880 1389 1101 1446 ἑστᾶσι·
1142 1384 1210 1446 τό
1236 1385 1296 1445 δὲ
1322 1383 1557 1466 ἄγαλμα
1583 1389 1643 1445 ἐν
1666 1389 1739 1464 τῇ
1769 1385 1954 1467 ἀγορῇ

354 1475 585 1554 ἵδρυται.
666 1472 939 1551 Ἀριστέω
963 1473 1069 1551 μέν
1093 1499 1192 1534 νυν
1213 1471 1345 1550 πέρι
1368 1463 1621 1533 τοσαῦτα
1647 1473 1908 1550 εἰρήσθω.

258 1563 335 1622 16
431 1567 546 1639 Τῆς
585 1562 646 1621 δὲ
686 1566 829 1642 γῆς,
850 1565 952 1638 τῆς
981 1561 1111 1640 πέρι
1147 1559 1241 1620 ὅδε
1276 1559 1309 1620 ὅ
1354 1559 1527 1640 λόγος
1569 1559 1821 1639 ὥρμηται
1860 1562 1956 1621 λέ-

351 1651 573 1731 γεσθαι,
606 1647 782 1712 οὐδεὶς
812 1648 928 1708 οἶδε
954 1647 1180 1726 ἀτρεκὲς
1211 1646 1245 1707 ὅ
1282 1672 1339 1707 τι
1362 1647 1429 1707 τό
1459 1647 1772 1726 κατύπερθέ
1811 1655 1956 1709 ἐστι·

353 1735 571 1799 οὐδενος
600 1736 711 1817 γὰρ
747 1735 817 1811 δή
858 1733 1143 1796 αὐτόπτεω
1183 1735 1382 1797 εἰδέναι
1421 1737 1678 1814 φαμένου
1719 1736 1962 1815 δύναμαι

351 1824 649 1885 πυθέσθαι·
692 1822 819 1883 οὐδὲ
846 1822 959 1905 γάρ
1002 1823 1130 1883 οὐδὲ
1157 1824 1468 1903 Ἀριστέης,
1504 1828 1607 1884 τοῦ
1637 1851 1745 1901 περ
1781 1826 1960 1907 ὀλίγῳ

350 1911 623 1990 πρότερον
681 1911 890 1973 τούτων
950 1911 1177 1991 μνήμην
1237 1912 1550 1990 ἐποιεύμην,
1609 1911 1738 1973 οὐδὲ
1790 1911 1959 1979 οὗτος

350 2001 686 2079 προσωτέρω
703 1999 1044 2077 Ἰσσηδόνων
1070 2004 1130 2061 ἐν
1155 1999 1378 2061 αὖτοῖσι
1396 2003 1552 2060 τοῖσι
1572 2000 1736 2061 ἔπεσι
1753 2002 1960 2063 ποιέων

350 2090 533 2167 ἔφησε
572 2088 893 2149 ἀπικέσθαι·
946 2087 1101 2147 ἀλλά
1140 2088 1213 2147 τοὶ
1252 2086 1561 2165 κατύπερθε
1604 2090 1764 2169 ἔλεγε
1795 2088 1958 2169 ἀκοῇ,

350 2178 465 2252 φὰς
500 2176 834 2253 Ἰσσηδόνας
887 2176 1025 2237 εἶναι
1062 2174 1193 2239 τούς
1231 2178 1408 2235 ταῦτα
1446 2176 1736 2256 λέγοντας.
1821 2176 1956 2236 ἀλλ’

351 2264 490 2325 ὅσον
539 2267 644 2341 μὲν
693 2263 854 2339 ἡμεῖς
901 2263 1166 2342 ἀτρεκέως
1219 2262 1312 2322 ἐπὶ
1352 2263 1707 2341 μακρότατον
1751 2263 1868 2324 οἷοί
1903 2264 1959 2325 τ’

256 2352 329 2415 17
350 2351 651 2432 ἐγενόμεθα
702 2350 843 2429 ἀκοῇ
898 2351 1197 2421 ἐξικέσθαι,
1251 2353 1365 2411 πᾶν
1424 2350 1725 2429 εἰρήσεται.
1805 2350 1956 2415 'And

346 2442 447 2499 τοῦ
472 2438 948 2516 Βορυσθενεϊτέων
974 2440 1260 2518 ἐμπορίου,
1289 2437 1478 2518 (τοῦτο
1502 2438 1614 2520 γὰρ
1639 2443 1751 2500 τῶν
1773 2465 1958 2518 παρα-

348 2526 681 2587 θαλασσίων
730 2526 1073 2603 μεσαίτατόν
1124 2532 1250 2587 ἐστι
1289 2525 1479 2603 πάσης
1527 2531 1630 2603 τῆς
1671 2529 1958 2609 Σκυθίης,)

346 2612 460 2675 dm?
508 2613 710 2674 τούτου
759 2616 973 2691 πρῶτοι
1029 2614 1383 2674 Καλλιπίδαι
1437 2615 1716 2691 νέμονται,
1771 2616 1956 2681 ἐόντες

334 2700 614 2779 ἼΞΞλληνες
658 2701 889 2767 Σκύθαι·
943 2701 1085 2782 ὑπὲρ
1130 2702 1191 2761 δὲ
1230 2701 1438 2763 τούτων
1482 2701 1634 2762 ἄλλο
1678 2704 1853 2773 ἔθνος,
1899 2705 1956 2765 οἳ

344 2788 655 2861 Ἀλάζωνες
696 2784 1009 2850 καλέονται·
1058 2786 1216 2850 οὗτοι
1257 2790 1318 2849 δὲ
1363 2790 1457 2848 καὶ
1499 2793 1554 2849 οἱ
1596 2790 1958 2851 Καλλιπίδαι

343 2876 416 2936 τσῖ
439 2880 544 2954 μὲν
570 2878 727 2937 ἄλλα
751 2877 893 2939 κατοὶ
917 2876 1094 2939 ταῦτοὶ
1120 2877 1376 2956 Σκύθῃσι
1403 2878 1764 2947 ἐπασκέουσι,
1787 2882 1956 2940 σῖτον

345 2962 407 3021 δὲ
448 2964 541 3023 καὶ
586 2965 887 3041 σπείρουσι
932 2965 1024 3025 καὶ
1066 2965 1364 3037 σιτέονται,
1405 2966 1500 3025 καὶ
1549 2964 1812 3043 κρόμμυα
1857 2966 1954 3025 καὶ

344 3050 593 3126 σκόροδα
633 3052 725 3110 καὶ
765 3051 981 3126 φακοῦς
1022 3053 1113 3111 καὶ
1154 3053 1440 3133 κέγχρους.
1523 3053 1663 3129 ὑπὲρ
1690 3053 1751 3113 δὲ
1776 3052 1956 3113 Ἀλαὲ

344 3134 523 3203 ζώνων
549 3138 795 3197 οἰκέουσι
822 3138 1035 3205 Σκύθαι
1058 3138 1345 3216 ἀροτῆρες,
1375 3140 1432 3199 οἳ
1463 3139 1563 3200 οὐκ
1595 3140 1688 3200 ἐπὶ
1717 3139 1954 3217 σιτήσει

343 3220 645 3295 σπείρουσι
680 3223 781 3284 τᾶν
820 3229 982 3285 σῖτον
1020 3224 1153 3284 ἀλλ’
1195 3226 1288 3285 ἐπὶ
1326 3225 1556 3304 πρήσει.
1637 3226 1848 3289 τούτων
1889 3228 1954 3288 δὲ
