2250 3500
274 165 342 213 22
907 164 1277 215 ἮΡοΔοτοτ
1816 163 1887 228 [1.

181 242 262 303 49
277 244 526 322 χάλκεον
565 243 812 320 ἐπίθημα
855 243 1082 307 ἐπιθείς.
1161 243 1247 302 Τὰ
1284 243 1391 319 μὲν
1428 242 1498 319 δή
1541 247 1602 302 ἐκ
1644 246 1894 318 Δελφῶν

278 327 420 388 οὕτω
455 334 533 409 τῷ
570 331 803 410 Κροίσῳ
839 330 1111 410 ἐχρήσθη·
1155 329 1298 391 κατοῖ
1336 330 1397 390 δὲ
1426 329 1532 405 τὴν
1561 329 1893 408 Ἀμφιάρεω

275 415 400 499 [τοῦ
429 416 722 501 μαντηίου]
757 417 1071 496 ἀπόκρισιν,
1101 418 1203 478 οὐκ
1240 420 1349 498 ἔχω
1386 417 1537 477 εἶπαι
1572 416 1605 476 ὅ
1638 443 1695 478 τι
1732 421 1891 478 τοῖσι

277 505 518 566 Λυδοῖσι
537 507 744 586 ἔχρησε
763 505 1044 583 ποιήσασι
1063 507 1194 584 περὶ
1218 505 1286 566 τό
1306 505 1423 582 ἴρόν
1443 504 1516 566 τά
1535 505 1893 583 νομιζόμενα·

281 591 348 652 οὗ
388 592 499 675 γάρ
545 593 620 654 ὧν
660 592 786 654 οὐδὲ
822 598 989 655 τοῦτο
1027 595 1255 675 λέγεται
1295 592 1446 653 ἄλλο
1484 618 1551 674 γε
1589 591 1629 670 ἢ
1669 591 1758 654 ὅτι
1799 594 1895 653 καὶ

278 684 444 742 τοῦτο
470 681 696 758 ἐνόμισε
719 680 990 758 μαντήϊον
1015 680 1247 760 ἀψευδὲς
1274 681 1561 758 ἐκτῆσθαι.

184 769 263 829 50
361 769 526 831 Μετα
546 771 606 830 δὲ
629 773 806 830 ταῦτα
825 769 1059 847 θυσίῃσι
1080 769 1373 880 μεγάλῃσι
1396 768 1496 830 τόν
1516 773 1577 828 ἐν
1601 770 1893 845 Δελφοῖσι

281 856 410 918 θεόν
436 857 721 918 ἱλάσκετο·
755 855 956 932 κτήνεά
979 881 1042 917 τε
1063 856 1177 937 γὰρ
1198 857 1273 916 ’τα
1298 854 1513 934 θύσιμα
1533 855 1717 916 πάντα
1734 881 1892 933 τρισ·

281 944 444 1023 χίλια
487 945 670 1014 ἔθυσε,
705 944 897 1007 κλίνας
935 968 999 1004 τε
1041 942 1377 1024 ἐπιχρύσους
1416 943 1509 1003 καὶ
1552 942 1893 1024 ἐπαργύρους

283 1032 376 1089 καὶ
415 1030 628 1107 φιάλας
664 1031 911 1111 χρυσέας
957 1029 1050 1090 καὶ
1095 1029 1297 1108 εἵματα
1339 1029 1634 1109 πορφύρεα
1679 1031 1772 1090 καὶ
1812 1056 1893 1090 κι-

283 1117 476 1188 θῶνας,
520 1117 737 1194 νηήσας
778 1117 961 1196 πυρὴν
1009 1106 1284 1200 μεγάλην,
1328 1119 1599 1178 κατέκαιε·
1655 1118 1893 1188 ἐλπίζων

280 1205 380 1266 τᾶν
406 1204 533 1266 θεὸν
555 1204 782 1282 μᾶλλόν
804 1231 862 1265 τι
891 1203 1144 1266 τούτοισι
1175 1204 1613 1281 ἀνακτήσεσθαι·
1651 1205 1898 1265 Λυδοῖσί

281 1318 346 1353 τε
368 1296 516 1352 πᾶσι
538 1297 788 1372 προεῖπε,
817 1291 966 1354 θύειν
995 1292 1180 1352 πάντα
1210 1292 1335 1353 τινὰ
1368 1293 1548 1353 αὐτῶν
1575 1290 1752 1372 τούτῳ
1777 1292 1811 1352 ὅ
1833 1317 1891 1352 τι

282 1381 403 1460 ἔχοι
439 1381 691 1446 ἕκαστος.
773 1379 846 1444 ὥς
883 1381 944 1440 δὲ
977 1385 1040 1440 ἐκ
1073 1384 1177 1457 τῆς
1222 1381 1421 1456 θυσίης
1460 1381 1692 1461 ἐγένετο,
1727 1405 1891 1440 κατα-

279 1467 549 1548 χεάμενος
571 1467 787 1548 χρυσόν
819 1467 1080 1538 ἄπλετον,
1106 1467 1446 1545 ἡμιπλίνθια
1479 1467 1542 1537 ἐξ
1570 1466 1739 1527 αὐτοῦ
1769 1467 1891 1544 ἐξή-

280 1559 469 1617 λαυνε·
511 1557 604 1616 ἐπὶ
634 1559 739 1634 μὲν
772 1555 842 1616 τά
874 1555 1210 1635 μακρότερα,
1243 1555 1446 1616 ποιέων
1480 1553 1889 1625 ἑξαπάλαιστα·

282 1644 374 1702 ἐπὶ
405 1643 466 1703 δὲ
493 1642 566 1703 τά
597 1643 940 1723 βραχύτερα,
967 1642 1366 1720 τριπάλαιστα·
1410 1641 1553 1721 ὕψος
1583 1642 1659 1714 δὲ,
1686 1647 1891 1702 παλαι-

281 1734 494 1791 στιαῖα·
527 1729 765 1809 άριθμόν
789 1730 865 1801 δὲ,
892 1730 1255 1791 ἑπτακαίδεκα
1280 1731 1373 1791 καὶ
1398 1729 1611 1801 ἐκατόν·
1649 1730 1742 1792 καὶ
1765 1757 1889 1794 του-

278 1819 433 1890 τέων,
466 1817 726 1895 άπέφθου
758 1822 976 1899 χρυσοῦ
1004 1820 1264 1897 τέσσαρα
1292 1818 1481 1895 τρίτον
1508 1818 1891 1897 ’ἡμιτάλαντον

281 1906 520 1967 ἕκαστον
563 1906 816 1977 ἕλκοντα,
846 1907 919 1968 τοὶ
961 1906 1023 1966 δὲ
1064 1906 1221 1967 ἄλλα
1264 1905 1648 1989 [ἡμιπλίνθια]
1688 1912 1891 1969 λευκοῦ

279 1998 498 2073 χρυσοῦ
524 1992 782 2072 σταθμόν
805 1994 1131 2054 διτάλαντα.
1188 1995 1435 2056 ἐποιέετο
1460 1994 1521 2054 δὲ
1546 1996 1639 2054 καὶ
1663 1996 1891 2061 λέοντος

284 2081 468 2144 εἰκόνα
489 2085 708 2164 χρυσοῦ
733 2081 1010 2161 άπέφθου,
1039 2082 1320 2144 ἕλκουσαν
1351 2082 1609 2160 σταθμόν
1639 2082 1891 2145 τάλαντα

283 2170 433 2231 δέκα·
465 2169 626 2236 οὗτος
643 2170 677 2232 ὁ
695 2170 855 2243 λέων,
877 2172 1002 2232 ἐπεί
1019 2196 1083 2231 τε
1108 2170 1425 2232 κατεκαίετο
1452 2169 1486 2231 ὁ
1514 2175 1573 2230 ἐν
1599 2174 1889 2248 Δελφοῖσι
1963 2226 1969 2232 .

283 2259 430 2335 νηὸς,
461 2261 736 2320 κατέπεσε
769 2258 882 2319 ‹in-6
911 2262 1024 2319 τῶν
1057 2257 1451 2335 ἡμιπλινθίων·
1493 2257 1586 2316 ἐπὶ
1618 2257 1731 2336 γὰρ
1765 2257 1891 2319 τού·

283 2370 438 2406 τοισι
481 2346 687 2423 ἵδρυτο·
733 2344 828 2404 καὶ
865 2349 964 2405 νῦν
1002 2347 1179 2404 κεῖται
1216 2351 1277 2405 ἐν
1318 2347 1397 2422 τῷ
1441 2344 1752 2421 Κορινθίων
1792 2344 1891 2420 θη-

285 2436 491 2512 σαυρῷ,
531 2432 706 2491 ἕλκων
741 2429 998 2507 σταθμόν
1032 2430 1279 2508 ἕβδομον
1312 2429 1710 2507 ἡμιτάλαντον·
1758 2428 1889 2491 α’πε-

189 2521 263 2581 51
283 2518 427 2595 τάκη
447 2517 559 2600 γάρ
585 2517 755 2577 αὐτοῦ
778 2518 1043 2594 τέταρτον
1063 2516 1463 2595 ἡμιτάλαντον.
1520 2515 1891 2583 Ἐπιτελέσας

287 2606 349 2665 δὲ
372 2603 406 2666 ὅ
433 2608 686 2683 Κροῖσος
712 2608 888 2665 ταῦτα
915 2604 1209 2681 ἀπέπεμπε
1242 2611 1299 2669 ἐς
1331 2602 1598 2681 Δελφοῦς
1631 2605 1725 2664 καὶ
1758 2604 1890 2665 τάδε

285 2692 444 2753 ἄλλα
485 2691 604 2771 ἅμα
645 2696 820 2754 τοῖσι·
866 2696 1144 2771 κρητῆρας
1181 2692 1280 2754 δύο
1319 2692 1554 2774 μεγάθεϊ
1589 2691 1888 2773 μεγάλους,

285 2780 531 2862 χρύσεον
555 2780 648 2841 καὶ
673 2779 960 2863 άργῦρεον·
998 2784 1110 2841 τῶν
1135 2779 1169 2841 ὅ
1191 2782 1299 2860 μὲν
1318 2779 1558 2860 χρύσεος
1584 2782 1767 2841 ἐκέετο
1798 2781 1891 2840 ἐπὶ

290 2870 442 2939 δεξιοὶ
467 2869 678 2931 ἐσιόντι
703 2875 760 2935 ἐς
780 2868 882 2930 τόν
903 2867 1056 2945 νηόν,
1077 2867 1110 2929 ὅ
1136 2868 1197 2929 δὲ
1212 2868 1480 2951 άργῦρεος
1500 2866 1584 2928 ἐπ’
1602 2866 1890 2946 α’ριστερά·

289 2956 754 3035 (μετεκινήθησαν
771 2956 832 3017 δὲ
851 2956 944 3016 καὶ
963 2953 1118 3017 οὗτοι
1134 2956 1245 3017 ὖπό
1262 2956 1363 3017 τᾶν
1380 2955 1514 3033 νηόν
1532 2956 1890 3026 κατακαέντα,

291 3045 382 3103 καὶ
402 3044 435 3105 ὁ
452 3048 556 3122 μὲν
573 3046 813 3125 χρύσεος
832 3047 1008 3104 κεῖται
1029 3048 1086 3104 ἐν
1102 3048 1181 3125 τῷ
1198 3044 1595 3121 Κλαζομενίων
1609 3044 1889 3121 θησαυρῷ,

292 3130 467 3191 ἕλκων
492 3133 802 3211 σταθμον”
773 3157 994 3193 εννατον
1015 3130 1397 3209 ἡμιτάλαντον
1423 3132 1513 3191 καὶ
1539 3133 1621 3193 ἔτι
1650 3129 1893 3191 δυώδεκα

289 3218 479 3295 μνέας·
518 3218 553 3279 ὅ
582 3220 707 3279 δὲ’
671 3221 937 3303 αργύρεος
971 3220 1062 3279 ἐπὶ
1095 3224 1199 3281 τοῦ
1233 3220 1500 3298 προνηιου
1533 3223 1637 3297 τῆς
1674 3240 1893 3322 γωνιης,

285 3304 511 3385 χωρέων
543 3304 836 3385 ἀμφορέας
865 3306 1207 3377 ἑξακοσίους·
1247 3309 1589 3387 ἐπικίρναται
1626 3304 1739 3387 γάρ
1778 3299 1895 3361 ὖπό
