2250 3500
390 94 487 144 122
983 93 1354 145 ·ΗῙ>οΔοΤο’κΙ
1890 91 1999 160 [Π.

387 172 646 252 βασιλέϊ.
725 171 1058 252 ἀπέστησαν
1095 176 1156 235 δὲ
1192 173 1354 235 αὗται
1388 174 1655 253 τέσσερες
1682 173 1777 235 καὶ
1812 175 2006 236 εἴκοσι

389 261 649 339 μυριάδες
683 263 998 344 Αἰγυπτίων
1031 267 1145 325 τῶν
1178 263 1440 342 μαχίμων
1465 267 1521 327 ἐς
1554 262 1687 327 τοῦς
1719 262 2006 329 Αἰθίοπας

386 349 630 420 τούτους,
653 349 722 410 δι’
749 352 930 428 αἰτίην
953 351 1190 427 τοιήνδε·
1219 351 1687 430 ἐπῖΨαμμιτίχου
1712 352 2006 434 βασιλέος

391 439 643 513 φυλακαὶ
683 441 1038 501 κατέστασαν
1072 439 1131 499 ἔν
1164 464 1227 499 τε
1259 437 1639 518 Ἐλεφαντίνῃ
1676 437 1815 498 πόλι
1848 439 2002 517 πρὸς

391 527 690 599 Αἰθιόπων,
717 528 811 587 καὶ
851 533 909 588 ἐν
936 526 1210 607 Δάφνῃσι
1249 530 1386 604 τῇσι
1412 527 1783 606 Πηλουσίῃσι
1810 525 2003 608 [ἄλλη

391 613 474 696 δὲ]
527 616 668 694 πρός
713 615 997 694 Ἀραβίων
1040 640 1104 676 τε
1152 615 1245 674 καὶ
1288 613 1495 692 Σύρων,
1544 615 1638 674 καὶ
1684 619 1743 674 ἐν
1791 617 2003 696 Μαρέῃ

389 703 532 781 πρὸς
562 703 783 781 Λιβύης
816 703 989 779 ἄλλη.
1071 703 1153 762 ἔτι
1189 703 1253 762 δὲ
1292 701 1378 762 ἐπ’
1418 705 1550 780 ἐμεῦ
1578 703 1687 762 ’καὶ
1724 704 2003 781 Περσέων

396 792 539 850 καταῖ
563 791 738 851 ταῦτα
765 793 825 850 αἰ
852 791 1102 867 φυλακαὶ
1130 791 1343 869 ἔχουσι,
1372 790 1443 868 ὥς
1469 791 1563 850 καὶ
1598 791 1691 850 ἐπὶ
1714 792 2001 869 Ψαμμιτί-

390 903 498 958 χου
523 878 690 955 ἦσαν·
735 879 826 937 καὶ
859 880 970 960 γοῖρ
998 883 1057 939 ἐν
1090 877 1467 956 Ἐλεφαντίνῃ
1499 879 1725 955 Πέρσαι
1756 879 1998 958 φρουρέ-

391 991 537 1036 ουσι,
565 966 658 1024 καὶ
685 971 744 1027 ἐν
770 965 1062 1047 Δάφνῃσι.
1143 965 1275 1031 τοῦς
1302 965 1377 1026 ὧν
1403 966 1472 1043 δὴ
1500 968 1838 1048 Αἰγυπτίους
1862 969 1997 1044 τρία

391 1054 516 1113 ἔτεα
548 1053 978 1133 φρουρτ’σαντας
1018 1055 1229 1115 ἀπέλυε
1269 1054 1445 1118 οὐδεὶς
1484 1058 1586 1132 τῆς
1626 1059 1895 1132 φρουρῆς·
1940 1059 1997 1116 οἶ

303 1175 310 1180 ·
395 1141 456 1201 δὲ
522 1143 977 1222 βουλευσάμενοι
1043 1144 1137 1203 καὶ
1204 1147 1365 1222 κοινῷ
1415 1142 1570 1224 λόγῳ
1622 1143 1995 1224 χρησάμενοι,
2040 1222 2045 1227 ῃ

390 1229 590 1295 πάντες
642 1231 755 1292 α’πὸ
795 1236 898 1292 τοῦ
937 1231 1299 1311 Ψαμμιτίχου
1340 1231 1687 1294 ἀποστάντες
1724 1229 1896 1308 ἤϊσαν
1938 1237 1994 1296 ἐς

393 1320 709 1397 Αἰθιοπίην·
765 1322 1120 1400 Ψαμμίτιχος
1148 1319 1207 1379 δὲ
1230 1319 1542 1397 πυθόμενος
1574 1319 1776 1380 ἐδίωκε·
1836 1319 1909 1384 ὥς
1933 1319 1994 1381 δὲ

391 1410 693 1486 κατέλαβε,
743 1409 925 1470 ἐδέετο
975 1407 1173 1469 πολλοὶ
1218 1408 1414 1488 λέγων,
1463 1408 1560 1466 καί
1602 1414 1787 1482 σφεας
1834 1409 1993 1474 θεοὺς

389 1497 678 1576 πατρῴους
703 1496 1002 1557 ἀπολιπεῖν
1028 1496 1129 1556 οὔκ
1156 1497 1234 1565 ἔα,
1264 1495 1354 1553 καὶ
1379 1495 1560 1565 τέκνα,
1589 1497 1683 1554 καὶ
1706 1499 1988 1576 γυναῖκας·

391 1588 503 1644 τῶν
530 1586 592 1644 δέ
613 1610 736 1644 τινα
762 1585 988 1665 λέγεται
1014 1583 1269 1652 δείξαντα
1293 1582 1359 1642 τὰ
1389 1584 1597 1644 αἰδοῖον
1624 1587 1797 1644 εἰπεῖν
1817 1585 1990 1645 “i-'voa

393 1668 464 1731 ἂν
485 1675 652 1731 τοῦτο
685 1668 742 1750 ᾗ,
786 1672 1019 1733 ἔσεσθαι
1055 1670 1279 1731 αὐτοῖσι
1311 1672 1547 1732 ἐνθαῦτα
1578 1672 1670 1731 καὶ
1698 1672 1865 1732 τέκνα
1897 1674 1989 1732 καὶ

389 1759 702 1840 γυναῖκας.”
782 1758 937 1820 οὗτοι
976 1760 1100 1821 ἐπεί
1145 1786 1211 1821 τε
1261 1766 1316 1825 ἐς
1355 1762 1653 1838 Αἰθιοπίην
1704 1760 1986 1835 α’πίκοντο,

390 1847 607 1908 διδοῦσι
646 1848 830 1923 σφέας
871 1847 1070 1913 αὐτούς
1108 1852 1188 1928 τῷ
1224 1848 1508 1910 Αἰθιόπων
1546 1851 1807 1927 βασιλέϊ·
1854 1850 1889 1911 ό
1926 1852 1990 1912 δέ

392 1941 578 2014 σφεας
616 1938 754 2019 τῷδε
798 1936 1197 2015 ἀντιδωρέεται·
1258 1936 1411 2013 ἦσάν
1452 1940 1507 1999 οἱ
1546 1938 1812 2017 διάφοροί
1846 1964 1985 2004 τινες

387 2026 680 2109 γεγονότες
709 2031 818 2089 τῶν
842 2026 1144 2088 Αἰθιόπων·
1184 2025 1411 2090 τούτους
1443 2026 1664 2087 ἐκέλευε
1698 2026 1983 2097 ἐξελόντας

387 2115 494 2192 τήν
519 2117 736 2179 ἐκείνων
756 2121 865 2199 γῆν
891 2117 1104 2177 οἰκέειν·
1145 2114 1354 2177 τούτων
1384 2114 1445 2175 δὲ
1482 2115 1905 2177 ἐσοικισθέντων
1930 2121 1982 2179 ές

388 2204 520 2268 τούς
545 2207 833 2276 Αἰθίοπας,
865 2205 1205 2283 ἡμερώτεροι
1233 2204 1506 2286 γεγόνασι
1538 2204 1819 2275 Αἰθίοπες,
1832 2202 1982 2281 ’ἤθεα

387 2292 661 2368 μαθόντες
686 2294 983 2374 Αἰγύπτια.

294 2381 366 2439 31
467 2380 658 2458 Μέχρι
689 2382 794 2457 μέν
830 2407 928 2441 νυν
957 2382 1245 2460 τεσσέρων
1279 2383 1467 2458 μηνῶν
1501 2379 1687 2441 πλόου
1723 2379 1815 2439 καὶ
1851 2379 1979 2441 ὁδοῦ

386 2465 719 2547 γινώσκεται
751 2467 785 2528 ό
816 2471 1042 2540 Νεῖλος,
1068 2469 1250 2547 πάρεξ
1277 2473 1378 2531 τοῦ
1412 2474 1471 2530 ἐν
1497 2468 1759 2550 Αἰγύπτῳ
1784 2467 1979 2547 ῥεύμα-

384 2579 500 2617 τος·
528 2553 815 2636 (τοσοῦτοι
833 2557 946 2638 γὰρ
965 2558 1427 2637 συμβαλλομένῳ
1445 2561 1617 2636 μῆνες
1637 2557 1980 2635 εὖρίσκονται

386 2641 841 2725 ἀναισιμούμενοι
873 2646 936 2717 ἐξ
964 2645 1367 2724 Ἐλεφαντίνης
1398 2646 1751 2726 πορευομένῳ
1778 2651 1833 2709 ές
1856 2645 1980 2709 τούς

384 2730 748 2811 Αύτομόλους
784 2734 1058 2816 τούτους·)
1100 2736 1211 2812 ῥέει
1252 2734 1312 2794 δὲ
1352 2734 1465 2795 dv&
1505 2734 1748 2813 {cm-{pns-
1787 2758 1853 2795 τε
1890 2734 1979 2794 καὶ

386 2819 554 2896 ἡλίου
580 2821 853 2900 δυσμέων.
905 2822 974 2884 τό
1003 2824 1062 2883 δὲ
1089 2822 1203 2885 ‹in-<3
1223 2822 1401 2893 τοῦδε,
1425 2821 1603 2887 οὐδεὶς
1623 2824 1737 2902 ἔχει
1757 2823 1980 2897 σαφέως

385 2907 623 2985 φράσαι·
652 2914 854 2989 ἐρῆμος
871 2911 982 2993 γάρ
1003 2916 1130 2971 ἐστι
1148 2910 1186 2986 ἦ
1211 2908 1366 2988 χώρη
1388 2909 1528 2986 αὕτη
1551 2910 1662 2971 find
1686 2909 1976 2987 καύματος.

290 2996 366 3054 32
382 2995 570 3057 Ἀλλσῖ
594 2998 726 3059 τάδε
749 3000 853 3075 μὲν
876 2998 1097 3074 ἥκουσα.
1123 2996 1333 3074 ἀνδρῶν
1354 2998 1697 3075 Κυρηναίων,
1716 2998 1973 3074 φαμένων

385 3083 570 3145 ἐλθεῖν
588 3112 651 3147 τε
671 3087 762 3147 ἐπὶ
786 3086 852 3147 τό
868 3086 1170 3163 ’Ἄμμωνος
1193 3085 1539 3163 χρηστήριον
1556 3086 1648 3145 καὶ
1675 3084 1975 3146 ἀπικέσθαι

387 3172 443 3229 ἐς
467 3170 672 3252 λόγους
692 3172 976 3253 Ἐτεάρχῳ
1002 3176 1078 3251 τῷ
1101 3170 1429 3247 Ἀμμωνίων
1452 3174 1715 3249 βασιλέϊ·
1757 3174 1856 3233 καί
1876 3200 1978 3239 κως

385 3256 449 3310 ἔκ
499 3257 684 3336 λόγων
729 3260 922 3319 ἄλλων
967 3258 1273 3321 ἀπικέσθαι
1316 3264 1373 3323 ἐς
1425 3260 1646 3339 λέσχην
1697 3261 1839 3339 περὶ·
1875 3262 1978 3322 τοῦ
