2250 3500
308 140 590 204 188—192]
884 141 1336 192 ΜΕΔΠΟΜΕΝΗ.
1811 144 1907 196 357·

306 223 453 282 σέων
489 223 712 302 ἔχονται
752 219 1019 298 οἷροτῆρες
1044 221 1152 297 ἤδη
1179 223 1407 298 Λίβυες,
1437 223 1528 282 καὶ
1555 224 1730 288 οἰκίας
1757 226 1908 301 νομί-

305 311 492 381 ζοντες
518 311 807 386 ἐκτῆσθαι·
846 315 1000 370 τοῖσι
1026 309 1238 386 οὔνομα
1265 311 1447 370 κέεται
1474 310 1718 380 Μάξυες·
1761 313 1814 372 οἳ
1838 312 1911 374 ταῗ

306 399 550 468 ἐπιδεξισῖ
589 402 701 458 τῶν
742 399 1034 474 κεφαλέων
1068 398 1335 475 κομόωσι,
1373 399 1444 458 τοὶ
1485 398 1530 457 δ’
1569 400 1908 478 ἐπαριστερᾶ

308 487 575 563 κείρουσι·
606 486 672 546 τό
700 487 761 546 δὲ
787 489 952 564 σῶμα
978 487 1231 565 χρίονται
1255 489 1458 566 μίλτῳ·
1494 489 1642 562 φασὶ
1670 488 1731 546 δὲ
1755 487 1910 548 οὗτοι

308 574 447 633 εἶναι
472 579 581 640 τῶν
608 580 668 634 ἐκ
696 576 897 652 Τροίης
932 574 1162 652 ἀνδρῶν.
1230 575 1268 651 ἦ
1296 576 1354 634 δὲ
1379 575 1534 654 χώρη
1562 575 1702 652 αὕτη
1727 601 1790 636 τε
1817 576 1909 635 καὶ
1957 637 1966 646 ,

304 662 345 737 ἤ
378 663 553 738 λοιπὴ
578 666 679 738 τῆς
705 663 926 740 Λιβύης
949 663 987 739 ἤ
1014 662 1158 741 πρός
1196 665 1456 740 ἑσπέρην,
1483 667 1684 742 πολλῷ
1713 664 1906 740 θηριω-

306 749 543 826 δεστέρη
577 776 642 809 τε
682 750 774 808 καὶ
802 749 1134 828 δασυτέρη’
1106 751 1230 810 εστὶ
1255 755 1357 826 τῆς
1381 755 1493 811 τῶν
1517 750 1772 827 νομάδων
1796 779 1903 830 χω-

304 863 425 914 ρης·
465 837 504 912 ἦ
534 840 637 914 μὲν
671 865 781 919 γαρ
824 838 906 951 δη,ν
931 865 1072 915 προς
1093 839 1200 915 τήν
1225 837 1308 914 ἠῶ
1333 843 1436 914 τῆς
1459 839 1693 916 Λιβύης,
1721 840 1825 915 τήν
1851 843 1904 898 οἱ

305 924 540 1001 νομάδες
582 927 831 1003 νέμουσι,
878 928 999 986 ἔστι
1045 925 1280 1002 ταπεινή
1323 953 1385 987 τε
1439 928 1530 985 καὶ
1576 928 1901 1006 ψαμμώδης,

302 1014 475 1122 μέχρι
510 1017 611 1072 τοῦ
650 1016 921 1090 Τρίτωνος
957 1019 1234 1090 ποταμοῦ·
1289 1015 1327 1090 ἦ
1361 1016 1419 1074 δὲ
1455 1014 1568 1074 άπο
1603 1015 1803 1076 τούτου
1840 1042 1904 1075 το

304 1125 447 1178 προς
479 1101 734 1177 ἑσπέρης,
762 1101 799 1177 ἦ
831 1106 941 1163 τῶν
972 1102 1274 1181 ἀροτήρων,
1309 1103 1496 1180 ορεινή
1521 1129 1583 1162 τε
1609 1102 1784 1180 κάρτα
1813 1105 1902 1162 καὶ

304 1187 484 1247 δασέα
526 1189 618 1247 καὶ
651 1189 939 1266 θηριώδης·
984 1190 1075 1250 καὶ
1106 1191 1215 1272 γσῖρ
1247 1195 1300 1250 οῖ
1331 1191 1490 1266 ὄφιες
1517 1195 1570 1251 οἳ
1595 1190 1906 1271 ὖπερμεγά-

306 1277 427 1339 θεες
454 1277 545 1362 καὶ
572 1278 625 1336 οἶ
638 1278 875 1386 'Aion-ee
902 1277 1041 1338 κατὰ
1066 1279 1296 1341 τούτους
1325 1280 1451 1347 εἶσὶ,
1471 1277 1562 1337 καὶ
1589 1281 1643 1336 οἱ
1669 1279 1901 1354 ε’λέφαν-

302 1365 394 1426 τές
418 1391 480 1425 τε
508 1365 601 1423 καὶ
626 1363 836 1442 ἄρκτοι,
856 1392 949 1424 και
928 1365 1199 1428 ἀσπίδες
1221 1391 1284 1425 τε
1313 1366 1403 1424 καὶ
1425 1364 1543 1424 ὄνοι
1570 1368 1622 1424 οἶ
1647 1365 1719 1425 τοὶ
1745 1366 1905 1441 κέρεα

305 1453 544 1532 ἔχοντες·
588 1479 679 1512 και
718 1479 771 1512 οι
806 1454 1196 1528 κυνοκέφαλοι,
1227 1453 1319 1512 καὶ
1356 1455 1409 1512 οἶ
1451 1451 1728 1526 άκέφαλοι
1761 1455 1814 1510 οἶ
1849 1456 1908 1512 ἐν

301 1543 458 1600 τοῖσι
488 1539 730 1615 στήθεσι
771 1541 900 1604 τοῦς
941 1540 1278 1618 ὀφθαλμοῦς
1310 1542 1542 1620 ἔχοντες,
1577 1538 1674 1618 (ὥς
1707 1539 1774 1614 δὴ
1813 1541 1929 1598 λέ-·

302 1629 505 1711 γονταί
538 1653 606 1709 γε
645 1628 755 1688 find
797 1627 1069 1708 Λιβύων,)
1114 1628 1206 1688 καὶ
1247 1631 1300 1689 οἶ
1341 1629 1526 1709 α”γριοι
1572 1627 1778 1704 ἄνδρες,
1813 1629 1906 1686 καὶ

301 1720 556 1799 γυναῖκες
608 1716 814 1799 ἄγριαι,
872 1717 962 1777 καὶ
1016 1717 1171 1778 ἄλλα
1229 1717 1437 1794 πλήθεϊ
1488 1715 1683 1777 πολλὰ
1739 1716 1905 1795 θηρία

302 1805 721 1884 ἀκατάψευστα.
780 1806 945 1866 Kar&
969 1807 1099 1871 τοῦς
1127 1806 1398 1885 Νομάδας
1423 1806 1484 1866 δέ
1509 1811 1633 1867 ε’στι
1657 1806 1865 1867 τούτων
1887 1809 1999 1865 192

304 1894 479 1964 οὐδὲν,
528 1893 660 1953 ἀλλ’
701 1893 855 1953 ἄλλα
898 1895 1103 1955 τοιάδε·
1161 1896 1456 1978 πύγαργοι,
1496 1896 1587 1954 καὶ
1629 1895 1904 1972 ζορκάδες,

304 1983 398 2040 καὶ
439 1983 769 2058 βουβάλιες,
813 1984 904 2041 καὶ
947 1981 1081 2053 ὄνοι,
1127 1982 1225 2042 οῦκ
1269 1985 1324 2042 οἱ
1364 1982 1436 2042 τοὶ
1481 1984 1640 2058 κέρεα
1689 1984 1924 2060 ἔχοντες·

302 2069 461 2129 οἶλλοὶ
497 2069 668 2130 ἄλλοι
705 2070 923 2129 ἄποτοι·
966 2070 1031 2129 οὔ
1062 2068 1173 2151 γὰρ
1213 2069 1279 2145 δή
1318 2070 1562 2129 πίνουσι·
1607 2069 1699 2127 καὶ
1734 2068 1906 2145 ὄρυες,

300 2162 414 2218 τῶν
427 2156 499 2219 τὰ
529 2158 688 2235 κέρεα
712 2162 866 2218 τοῖσι
888 2159 1098 2234 φοίνιξι
1115 2161 1171 2218 οἳ
1184 2157 1390 2237 πήχεες
1405 2162 1707 2217 ποιεῦνται·
1736 2157 1906 2237 μέγα-

302 2247 418 2309 θος*
428 2246 489 2305 δὲ
514 2244 579 2306 τὰ
609 2248 801 2325 θηρίον
825 2249 993 2307 τοῦτο
1030 2245 1174 2306 κατοὶ
1199 2248 1346 2322 βοῦν
1375 2246 1516 2305 ἐστί·
1559 2245 1664 2304 καὶ
1677 2246 1906 2320 βασσά-

299 2360 413 2411 ρια,
452 2334 543 2393 καὶ
576 2326 775 2405 υαιναι,
814 2334 906 2393 καὶ
940 2333 1218 2413 ὕστριχες,
1259 2336 1351 2393 καὶ
1391 2333 1536 2411 κριοὶ
1575 2358 1776 2413 αγριοι,
1816 2334 1909 2392 καὶ

302 2422 532 2492 δίκτυες,
561 2423 653 2480 καὶ
680 2423 833 2493 θῶες,
860 2423 953 2481 καὶ
977 2422 1272 2500 πάνθηρες,
1302 2422 1394 2481 καὶ
1418 2420 1640 2501 βόρυες,
1665 2421 1756 2481 καὶ
1785 2448 1909 2499 κρο-

303 2508 621 2569 κόδειλοι”
589 2536 730 2570 οσον
760 2536 824 2570 τε
858 2510 1154 2590 τριπήχεες
1191 2515 1468 2591 χερσαῖοι,
1494 2514 1634 2590 τῇσι
1660 2510 1910 2590 σαύρῃσι

303 2600 735 2674 ἐμφερέστατοι·
790 2598 882 2658 καὶ
928 2599 1196 2677 στρουθοὶ
1249 2598 1576 2680 κατάγαιοι,
1609 2599 1700 2657 καὶ
1753 2596 1912 2673 ὄφιες

302 2686 537 2762 σμικροὶ
576 2688 736 2763 κέρας
768 2687 825 2745 ἓν
855 2686 1091 2750 ἕκαστος
1122 2688 1362 2768 ἔχοντες.
1428 2684 1607 2745 ταῦτά
1631 2710 1693 2743 τε
1720 2682 1788 2759 δὴ
1815 2683 1911 2743 αὖ·

299 2772 431 2833 τόθι
467 2774 591 2833 ἐστὶ
624 2774 806 2851 θηρία,
837 2776 928 2833 καὶ
954 2774 1097 2852 άπερ
1124 2780 1197 2853 τῇ
1223 2774 1393 2853 ἄλλῃ,
1421 2772 1574 2847 πλὴν
1603 2770 1823 2851 ἐλάφου
1848 2788 1911 2829 τε

297 2862 397 2929 ,καὶ
436 2861 533 2925 ὖός
574 2860 790 2943 οἷγρίου·
833 2864 1045 2937 ἔλαφος
1081 2864 1142 2921 δὲ
1176 2864 1267 2922 καὶ
1299 2860 1362 2925 ὗς
1404 2860 1595 2945 ἄγριος
1627 2862 1686 2919 ἐν
1715 2857 1908 2935 Λιβύῃ

298 2949 541 3027 πάμπαν
568 2950 667 3008 οὐκ
696 2950 836 3009 ἔστι.
903 2954 1056 3026 μυῶν
1084 2950 1144 3009 δὲ
1167 2951 1332 3031 γένεα
1357 2948 1518 3025 τριξοὶ
1543 2946 1739 3008 αὐτόθι
1767 2947 1910 3006 ἐστί·

301 3040 357 3096 οἳ
392 3040 496 3115 μὲν
533 3038 755 3101 δίποδες
795 3038 1104 3108 καλέονται,
1136 3040 1190 3097 οἱ
1217 3037 1277 3096 δὲ
1313 3037 1568 3118 ζεγέριες·
1613 3034 1702 3115 (τὸ
1732 3035 1790 3093 δὲ
1819 3031 1906 3093 οὖ-

300 3152 449 3203 νομα
480 3125 647 3185 τοῦτό
686 3132 809 3185 ἐστι
846 3128 949 3203 μὲν
975 3126 1247 3203 Λιβυκὸν,
1277 3124 1500 3185 δύναται
1525 3122 1586 3183 δὲ
1614 3122 1754 3183 κατὰ
1777 3122 1909 3182 Ἑλ-

300 3214 451 3273 λάδα
489 3218 767 3294 γλῶσσαν
806 3215 1049 3295 βουνοί·)
1084 3218 1138 3275 οἱ
1170 3214 1228 3274 δὲ
1270 3214 1492 3294 ἐχινέες.
1576 3211 1686 3271 εἶσὶ
1719 3210 1779 3270 δὲ
1816 3211 1910 3269 καὶ

298 3304 483 3380 γαλαῖ
520 3307 579 3361 ἐν
616 3305 693 3379 τῷ
732 3302 949 3379 σιλφίῳ
989 3302 1292 3382 γινόμεναι,
1331 3307 1470 3381 τῇσι
1513 3300 1910 3377 Ταρτησσίῃσι
