<?xml version="1.0" encoding="UTF-8"?>
<!DOCTYPE html PUBLIC "-//W3C//DTD XHTML 1.0 Transitional//EN"
    "http://www.w3.org/TR/xhtml1/DTD/xhtml1-transitional.dtd">
<html xmlns="http://www.w3.org/1999/xhtml" xml:lang="en" lang="en">
 <head>
  <title>
</title>
<meta http-equiv="Content-Type" content="text/html;charset=utf-8" />
  <meta name='ocr-system' content='tesseract 3.04.00' />
  <meta name='ocr-capabilities' content='ocr_page ocr_carea ocr_par ocr_line ocrx_word'/>
</head>
<body>
  <div class='ocr_page' id='page_1' title='image "./herodotus04blakgoog_0166.png"; bbox 0 0 2250 3500; ppageno 0'>
   <div class='ocr_carea' id='block_1_1' title="bbox 233 95 2022 3335">
    <p class='ocr_par' dir='ltr' id='par_1_1' title="bbox 334 95 2022 1578">
     <span class='ocr_line' id='line_1_1' title="bbox 342 95 1940 167; baseline -0.003 -10"><span class='ocrx_word' id='word_1_1' title='bbox 342 109 440 158; x_wconf 78' lang='lat'>150</span> <span class='ocrx_word' id='word_1_2' title='bbox 950 101 1314 154; x_wconf 73' lang='grc' dir='ltr'>ἮΡοΔοτοϊ</span> <span class='ocrx_word' id='word_1_3' title='bbox 1830 95 1940 167; x_wconf 84' lang='lat'>[11.</span> 
     </span>
     <span class='ocr_line' id='line_1_2' title="bbox 335 181 1941 263; baseline -0.002 -18"><span class='ocrx_word' id='word_1_4' title='bbox 335 187 522 245; x_wconf 81' lang='grc' dir='ltr'>λωτοῦ</span> <span class='ocrx_word' id='word_1_5' title='bbox 543 183 746 245; x_wconf 83' lang='grc' dir='ltr'>τούτου</span> <span class='ocrx_word' id='word_1_6' title='bbox 777 182 1029 261; x_wconf 79' lang='grc' dir='ltr'>ἐδωδίμη,</span> <span class='ocrx_word' id='word_1_7' title='bbox 1059 183 1151 242; x_wconf 86' lang='grc' dir='ltr'>καὶ</span> <span class='ocrx_word' id='word_1_8' title='bbox 1185 181 1496 263; x_wconf 77' lang='grc' dir='ltr'>ἐγγλύσσει</span> <span class='ocrx_word' id='word_1_9' title='bbox 1524 181 1815 252; x_wconf 78' lang='grc' dir='ltr'>ἐπιεικέως,</span> <span class='ocrx_word' id='word_1_10' title='bbox 1844 182 1941 243; x_wconf 84' lang='grc' dir='ltr'>ἐὸν</span> 
     </span>
     <span class='ocr_line' id='line_1_3' title="bbox 343 269 2022 353; baseline -0.002 -21"><span class='ocrx_word' id='word_1_11' title='bbox 343 271 703 353; x_wconf 75' lang='grc' dir='ltr'>στρογγύλον</span> <span class='ocrx_word' id='word_1_12' title='bbox 727 271 974 353; x_wconf 88' lang='grc' dir='ltr'>μέγαθος</span> <span class='ocrx_word' id='word_1_13' title='bbox 1001 269 1143 331; x_wconf 81' lang='grc' dir='ltr'>κατά</span> <span class='ocrx_word' id='word_1_14' title='bbox 1168 274 1375 346; x_wconf 84' lang='grc' dir='ltr'>μῆλον.</span> <span class='ocrx_word' id='word_1_15' title='bbox 1435 271 1557 329; x_wconf 83' lang='grc' dir='ltr'>ἔστι</span> <span class='ocrx_word' id='word_1_16' title='bbox 1583 270 1643 328; x_wconf 83' lang='grc' dir='ltr'>δὲ</span> <span class='ocrx_word' id='word_1_17' title='bbox 1670 269 1762 327; x_wconf 86' lang='grc' dir='ltr'>καὶ</span> <span class='ocrx_word' id='word_1_18' title='bbox 1783 269 1940 329; x_wconf 76' lang='grc' dir='ltr'>ἄλλα</span> <span class='ocrx_word' id='word_1_19' title='bbox 2010 341 2022 348; x_wconf 91' lang='lat'><strong>.</strong></span> 
     </span>
     <span class='ocr_line' id='line_1_4' title="bbox 337 357 1941 438; baseline -0.001 -19"><span class='ocrx_word' id='word_1_20' title='bbox 337 359 525 437; x_wconf 80' lang='grc' dir='ltr'>κρίνεα</span> <span class='ocrx_word' id='word_1_21' title='bbox 553 359 772 437; x_wconf 83' lang='grc' dir='ltr'>ῥόδοισι</span> <span class='ocrx_word' id='word_1_22' title='bbox 811 360 1074 438; x_wconf 82' lang='grc' dir='ltr'>ἐμφερέα,</span> <span class='ocrx_word' id='word_1_23' title='bbox 1104 364 1162 419; x_wconf 88' lang='grc' dir='ltr'>ἐν</span> <span class='ocrx_word' id='word_1_24' title='bbox 1186 363 1263 438; x_wconf 78' lang='grc' dir='ltr'>τῷ</span> <span class='ocrx_word' id='word_1_25' title='bbox 1286 362 1521 436; x_wconf 79' lang='grc' dir='ltr'>ποταμῷ</span> <span class='ocrx_word' id='word_1_26' title='bbox 1544 357 1812 438; x_wconf 86' lang='grc' dir='ltr'>γινόμενα</span> <span class='ocrx_word' id='word_1_27' title='bbox 1846 360 1941 418; x_wconf 85' lang='grc' dir='ltr'>καὶ</span> 
     </span>
     <span class='ocr_line' id='line_1_5' title="bbox 336 445 1940 526; baseline -0.002 -19"><span class='ocrx_word' id='word_1_28' title='bbox 336 451 529 518; x_wconf 82' lang='grc' dir='ltr'>ταῦτα,</span> <span class='ocrx_word' id='word_1_29' title='bbox 553 449 615 518; x_wconf 82' lang='grc' dir='ltr'>ἐξ</span> <span class='ocrx_word' id='word_1_30' title='bbox 639 445 714 508; x_wconf 81' lang='grc' dir='ltr'>ὧν</span> <span class='ocrx_word' id='word_1_31' title='bbox 739 447 774 508; x_wconf 78' lang='grc' dir='ltr'><em>ὅ</em></span> <span class='ocrx_word' id='word_1_32' title='bbox 801 449 1011 526; x_wconf 74' lang='grc' dir='ltr'>καρπὸς</span> <span class='ocrx_word' id='word_1_33' title='bbox 1039 452 1096 508; x_wconf 84' lang='grc' dir='ltr'>ἐν</span> <span class='ocrx_word' id='word_1_34' title='bbox 1122 445 1276 526; x_wconf 81' lang='grc' dir='ltr'>ἀλλῃ</span> <span class='ocrx_word' id='word_1_35' title='bbox 1304 446 1505 506; x_wconf 89' lang='grc' dir='ltr'>κάλυκι</span> <span class='ocrx_word' id='word_1_36' title='bbox 1529 447 1940 526; x_wconf 81' lang='grc' dir='ltr'>παραφυομένῃ</span> 
     </span>
     <span class='ocr_line' id='line_1_6' title="bbox 339 532 1938 616; baseline -0.001 -21"><span class='ocrx_word' id='word_1_37' title='bbox 339 540 400 595; x_wconf 89' lang='grc' dir='ltr'>ἐκ</span> <span class='ocrx_word' id='word_1_38' title='bbox 425 539 525 611; x_wconf 82' lang='grc' dir='ltr'>τῆς</span> <span class='ocrx_word' id='word_1_39' title='bbox 549 537 702 612; x_wconf 82' lang='grc' dir='ltr'>ῥίζης</span> <span class='ocrx_word' id='word_1_40' title='bbox 719 536 948 616; x_wconf 89' lang='grc' dir='ltr'>γίνεται,</span> <span class='ocrx_word' id='word_1_41' title='bbox 971 535 1139 615; x_wconf 75' lang='grc' dir='ltr'>κηρίῳ</span> <span class='ocrx_word' id='word_1_42' title='bbox 1160 537 1397 610; x_wconf 78' lang='grc' dir='ltr'>σφηκῶν</span> <span class='ocrx_word' id='word_1_43' title='bbox 1418 532 1565 609; x_wconf 82' lang='grc' dir='ltr'>ἰδέην</span> <span class='ocrx_word' id='word_1_44' title='bbox 1583 533 1938 609; x_wconf 81' lang='grc' dir='ltr'>ὁμοιότατον·</span> 
     </span>
     <span class='ocr_line' id='line_1_7' title="bbox 337 621 1939 704; baseline -0.001 -20"><span class='ocrx_word' id='word_1_45' title='bbox 337 628 398 684; x_wconf 89' lang='grc' dir='ltr'>ἐν</span> <span class='ocrx_word' id='word_1_46' title='bbox 441 623 618 704; x_wconf 77' lang='grc' dir='ltr'>τούτῳ</span> <span class='ocrx_word' id='word_1_47' title='bbox 657 623 873 701; x_wconf 80' lang='grc' dir='ltr'>τρωκτά</span> <span class='ocrx_word' id='word_1_48' title='bbox 916 622 1055 682; x_wconf 80' lang='grc' dir='ltr'>ὅσον</span> <span class='ocrx_word' id='word_1_49' title='bbox 1099 647 1163 682; x_wconf 91' lang='grc' dir='ltr'>τε</span> <span class='ocrx_word' id='word_1_50' title='bbox 1203 621 1385 698; x_wconf 81' lang='grc' dir='ltr'>πυρὴν</span> <span class='ocrx_word' id='word_1_51' title='bbox 1427 622 1617 697; x_wconf 80' lang='grc' dir='ltr'>ἐλαίης</span> <span class='ocrx_word' id='word_1_52' title='bbox 1660 623 1939 702; x_wconf 86' lang='grc' dir='ltr'>ἐγγίνεται</span> 
     </span>
     <span class='ocr_line' id='line_1_8' title="bbox 335 707 1939 792; baseline -0.001 -20"><span class='ocrx_word' id='word_1_53' title='bbox 335 711 539 791; x_wconf 85' lang='grc' dir='ltr'>συχνά·</span> <span class='ocrx_word' id='word_1_54' title='bbox 582 710 852 792; x_wconf 88' lang='grc' dir='ltr'>τρώγεται</span> <span class='ocrx_word' id='word_1_55' title='bbox 877 710 936 768; x_wconf 83' lang='grc' dir='ltr'>δὲ</span> <span class='ocrx_word' id='word_1_56' title='bbox 968 710 1060 768; x_wconf 84' lang='grc' dir='ltr'>καὶ</span> <span class='ocrx_word' id='word_1_57' title='bbox 1087 709 1286 769; x_wconf 72' lang='grc' dir='ltr'>ἁπαλὰ</span> <span class='ocrx_word' id='word_1_58' title='bbox 1308 713 1488 769; x_wconf 81' lang='grc' dir='ltr'>ταῦτα</span> <span class='ocrx_word' id='word_1_59' title='bbox 1519 711 1611 768; x_wconf 82' lang='grc' dir='ltr'>καὶ</span> <span class='ocrx_word' id='word_1_60' title='bbox 1637 707 1763 767; x_wconf 79' lang='grc' dir='ltr'>αὖα.</span> <span class='ocrx_word' id='word_1_61' title='bbox 1831 710 1939 785; x_wconf 76' lang='grc' dir='ltr'>τήν</span> 
     </span>
     <span class='ocr_line' id='line_1_9' title="bbox 338 795 1936 878; baseline -0.001 -19"><span class='ocrx_word' id='word_1_62' title='bbox 338 799 399 859; x_wconf 84' lang='grc' dir='ltr'>δὲ</span> <span class='ocrx_word' id='word_1_63' title='bbox 436 799 670 876; x_wconf 83' lang='grc' dir='ltr'>βύβλον</span> <span class='ocrx_word' id='word_1_64' title='bbox 705 797 809 872; x_wconf 82' lang='grc' dir='ltr'>τὴν</span> <span class='ocrx_word' id='word_1_65' title='bbox 849 797 1093 858; x_wconf 87' lang='grc' dir='ltr'>ἐπέτειον</span> <span class='ocrx_word' id='word_1_66' title='bbox 1128 798 1440 878; x_wconf 85' lang='grc' dir='ltr'>γινομένην,</span> <span class='ocrx_word' id='word_1_67' title='bbox 1476 795 1645 857; x_wconf 80' lang='grc' dir='ltr'>ἐπεάν</span> <span class='ocrx_word' id='word_1_68' title='bbox 1680 796 1936 858; x_wconf 81' lang='grc' dir='ltr'>ἀνασπά-</span> 
     </span>
     <span class='ocr_line' id='line_1_10' title="bbox 337 883 1935 961; baseline 0 -15"><span class='ocrx_word' id='word_1_69' title='bbox 337 911 487 946; x_wconf 89' lang='grc' dir='ltr'>σωσι</span> <span class='ocrx_word' id='word_1_70' title='bbox 511 891 572 944; x_wconf 88' lang='grc' dir='ltr'>ἐκ</span> <span class='ocrx_word' id='word_1_71' title='bbox 599 890 709 945; x_wconf 77' lang='grc' dir='ltr'>τῶν</span> <span class='ocrx_word' id='word_1_72' title='bbox 736 885 919 954; x_wconf 81' lang='grc' dir='ltr'>ἑλέων,</span> <span class='ocrx_word' id='word_1_73' title='bbox 947 884 1019 944; x_wconf 82' lang='grc' dir='ltr'>τά</span> <span class='ocrx_word' id='word_1_74' title='bbox 1042 888 1147 961; x_wconf 81' lang='grc' dir='ltr'>μὲν</span> <span class='ocrx_word' id='word_1_75' title='bbox 1174 884 1285 944; x_wconf 81' lang='grc' dir='ltr'>ἅνω</span> <span class='ocrx_word' id='word_1_76' title='bbox 1316 883 1489 959; x_wconf 76' lang='grc' dir='ltr'>αὐτῆς</span> <span class='ocrx_word' id='word_1_77' title='bbox 1520 883 1935 960; x_wconf 75' lang='grc' dir='ltr'>ἀποτάμνοντες</span> 
     </span>
     <span class='ocr_line' id='line_1_11' title="bbox 339 971 1935 1049; baseline 0.001 -16"><span class='ocrx_word' id='word_1_78' title='bbox 339 978 396 1037; x_wconf 88' lang='grc' dir='ltr'>ἐς</span> <span class='ocrx_word' id='word_1_79' title='bbox 423 973 574 1032; x_wconf 76' lang='grc' dir='ltr'>ἄλλο</span> <span class='ocrx_word' id='word_1_80' title='bbox 599 998 654 1032; x_wconf 92' lang='grc' dir='ltr'>τι</span> <span class='ocrx_word' id='word_1_81' title='bbox 685 971 980 1048; x_wconf 90' lang='grc' dir='ltr'>τράπουσι,</span> <span class='ocrx_word' id='word_1_82' title='bbox 1007 973 1075 1032; x_wconf 78' lang='grc' dir='ltr'>τὰ</span> <span class='ocrx_word' id='word_1_83' title='bbox 1112 973 1173 1032; x_wconf 83' lang='grc' dir='ltr'>δὲ</span> <span class='ocrx_word' id='word_1_84' title='bbox 1209 971 1355 1032; x_wconf 86' lang='grc' dir='ltr'>κάτω</span> <span class='ocrx_word' id='word_1_85' title='bbox 1390 972 1759 1049; x_wconf 87' lang='grc' dir='ltr'>λελειμμένον</span> <span class='ocrx_word' id='word_1_86' title='bbox 1792 973 1935 1034; x_wconf 83' lang='grc' dir='ltr'>ὅσον</span> 
     </span>
     <span class='ocr_line' id='line_1_12' title="bbox 335 1058 1935 1144; baseline 0.001 -24"><span class='ocrx_word' id='word_1_87' title='bbox 335 1085 398 1120; x_wconf 88' lang='grc' dir='ltr'>τε</span> <span class='ocrx_word' id='word_1_88' title='bbox 429 1059 520 1119; x_wconf 80' lang='grc' dir='ltr'>ἐπὶ</span> <span class='ocrx_word' id='word_1_89' title='bbox 549 1062 737 1138; x_wconf 84' lang='grc' dir='ltr'>πῆχυν</span> <span class='ocrx_word' id='word_1_90' title='bbox 766 1059 1061 1140; x_wconf 80' lang='grc' dir='ltr'>τρώγουσι,</span> <span class='ocrx_word' id='word_1_91' title='bbox 1091 1060 1183 1144; x_wconf 75' lang='grc' dir='ltr'>καὶ</span> <span class='ocrx_word' id='word_1_92' title='bbox 1219 1060 1523 1119; x_wconf 89' lang='grc' dir='ltr'>πωλέουσι·</span> <span class='ocrx_word' id='word_1_93' title='bbox 1566 1059 1621 1120; x_wconf 78' lang='grc' dir='ltr'>οἳ</span> <span class='ocrx_word' id='word_1_94' title='bbox 1654 1061 1713 1119; x_wconf 81' lang='grc' dir='ltr'>δὲ</span> <span class='ocrx_word' id='word_1_95' title='bbox 1738 1058 1807 1121; x_wconf 77' lang='grc' dir='ltr'>ἂν</span> <span class='ocrx_word' id='word_1_96' title='bbox 1840 1063 1935 1121; x_wconf 83' lang='grc' dir='ltr'>καὶ</span> 
     </span>
     <span class='ocr_line' id='line_1_13' title="bbox 337 1146 1934 1227; baseline 0.002 -20"><span class='ocrx_word' id='word_1_97' title='bbox 337 1146 513 1225; x_wconf 88' lang='grc' dir='ltr'>κάρτα</span> <span class='ocrx_word' id='word_1_98' title='bbox 557 1146 878 1224; x_wconf 88' lang='grc' dir='ltr'>βούλωνται</span> <span class='ocrx_word' id='word_1_99' title='bbox 921 1152 1147 1227; x_wconf 78' lang='grc' dir='ltr'>χρηστῇ</span> <span class='ocrx_word' id='word_1_100' title='bbox 1193 1152 1265 1227; x_wconf 78' lang='grc' dir='ltr'>τῇ</span> <span class='ocrx_word' id='word_1_101' title='bbox 1309 1147 1522 1226; x_wconf 80' lang='grc' dir='ltr'>βύβλῳ</span> <span class='ocrx_word' id='word_1_102' title='bbox 1560 1149 1830 1227; x_wconf 77' lang='grc' dir='ltr'>χρᾶσθαι,</span> <span class='ocrx_word' id='word_1_103' title='bbox 1874 1154 1934 1210; x_wconf 87' lang='grc' dir='ltr'>ἐν</span> 
     </span>
     <span class='ocr_line' id='line_1_14' title="bbox 336 1235 1937 1317; baseline 0.002 -23"><span class='ocrx_word' id='word_1_104' title='bbox 336 1235 587 1315; x_wconf 77' lang='grc' dir='ltr'>κλιβάνῳ</span> <span class='ocrx_word' id='word_1_105' title='bbox 625 1235 884 1312; x_wconf 83' lang='grc' dir='ltr'>διαφανέϊ</span> <span class='ocrx_word' id='word_1_106' title='bbox 917 1237 1207 1306; x_wconf 82' lang='grc' dir='ltr'>πνίξαντες</span> <span class='ocrx_word' id='word_1_107' title='bbox 1242 1235 1382 1296; x_wconf 82' lang='grc' dir='ltr'>οὕτω</span> <span class='ocrx_word' id='word_1_108' title='bbox 1412 1235 1711 1317; x_wconf 79' lang='grc' dir='ltr'>τρώγουσι.</span> <span class='ocrx_word' id='word_1_109' title='bbox 1778 1240 1832 1296; x_wconf 84' lang='grc' dir='ltr'>οἰ</span> <span class='ocrx_word' id='word_1_110' title='bbox 1872 1238 1937 1298; x_wconf 84' lang='grc' dir='ltr'>δέ</span> 
     </span>
     <span class='ocr_line' id='line_1_15' title="bbox 334 1322 1933 1403; baseline -0.001 -18"><span class='ocrx_word' id='word_1_111' title='bbox 334 1349 480 1388; x_wconf 85' lang='grc' dir='ltr'>τινες</span> <span class='ocrx_word' id='word_1_112' title='bbox 525 1322 704 1385; x_wconf 71' lang='grc' dir='ltr'>αὐτῶν</span> <span class='ocrx_word' id='word_1_113' title='bbox 751 1325 890 1395; x_wconf 81' lang='grc' dir='ltr'>ζῶσι</span> <span class='ocrx_word' id='word_1_114' title='bbox 944 1324 1057 1385; x_wconf 81' lang='grc' dir='ltr'>ἀπό</span> <span class='ocrx_word' id='word_1_115' title='bbox 1102 1328 1214 1385; x_wconf 76' lang='grc' dir='ltr'>τῶν</span> <span class='ocrx_word' id='word_1_116' title='bbox 1262 1323 1465 1403; x_wconf 79' lang='grc' dir='ltr'>ἰχθύων</span> <span class='ocrx_word' id='word_1_117' title='bbox 1509 1323 1745 1400; x_wconf 84' lang='grc' dir='ltr'>μούνων·</span> <span class='ocrx_word' id='word_1_118' title='bbox 1802 1325 1933 1390; x_wconf 75' lang='grc' dir='ltr'>τούς</span> 
     </span>
     <span class='ocr_line' id='line_1_16' title="bbox 337 1411 1932 1490; baseline 0.001 -18"><span class='ocrx_word' id='word_1_119' title='bbox 337 1412 505 1473; x_wconf 84' lang='grc' dir='ltr'>ἐπεάν</span> <span class='ocrx_word' id='word_1_120' title='bbox 543 1411 776 1490; x_wconf 90' lang='grc' dir='ltr'>λάβωσι</span> <span class='ocrx_word' id='word_1_121' title='bbox 815 1413 908 1472; x_wconf 86' lang='grc' dir='ltr'>καὶ</span> <span class='ocrx_word' id='word_1_122' title='bbox 948 1413 1183 1482; x_wconf 82' lang='grc' dir='ltr'>ἐξέλωσι</span> <span class='ocrx_word' id='word_1_123' title='bbox 1221 1411 1325 1486; x_wconf 78' lang='grc' dir='ltr'>τήν</span> <span class='ocrx_word' id='word_1_124' title='bbox 1366 1412 1604 1487; x_wconf 90' lang='grc' dir='ltr'>κοιλίην,</span> <span class='ocrx_word' id='word_1_125' title='bbox 1642 1411 1932 1474; x_wconf 82' lang='grc' dir='ltr'>αύαίνουσι</span> 
     </span>
     <span class='ocr_line' id='line_1_17' title="bbox 335 1498 1737 1578; baseline -0.002 -17"><span class='ocrx_word' id='word_1_126' title='bbox 335 1500 478 1578; x_wconf 80' lang='grc' dir='ltr'>πρὸς</span> <span class='ocrx_word' id='word_1_127' title='bbox 500 1500 665 1578; x_wconf 85' lang='grc' dir='ltr'>ἥλιον</span> <span class='ocrx_word' id='word_1_128' title='bbox 691 1502 784 1560; x_wconf 85' lang='grc' dir='ltr'>καὶ</span> <span class='ocrx_word' id='word_1_129' title='bbox 811 1502 999 1560; x_wconf 81' lang='grc' dir='ltr'>ἔπειτα</span> <span class='ocrx_word' id='word_1_130' title='bbox 1027 1499 1193 1564; x_wconf 77' lang='grc' dir='ltr'>αὔους</span> <span class='ocrx_word' id='word_1_131' title='bbox 1220 1498 1412 1562; x_wconf 83' lang='grc' dir='ltr'>ἐόντας</span> <span class='ocrx_word' id='word_1_132' title='bbox 1438 1501 1737 1560; x_wconf 90' lang='grc' dir='ltr'>σιτέονται.</span> 
     </span>
    </p>

    <p class='ocr_par' dir='ltr' id='par_1_2' title="bbox 233 1587 1934 3335">
     <span class='ocr_line' id='line_1_18' title="bbox 233 1587 1932 1669; baseline 0.001 -22"><span class='ocrx_word' id='word_1_133' title='bbox 233 1589 319 1649; x_wconf 83' lang='grc'>’93</span> <span class='ocrx_word' id='word_1_134' title='bbox 419 1592 494 1648; x_wconf 80' lang='grc' dir='ltr'>Οἳ</span> <span class='ocrx_word' id='word_1_135' title='bbox 533 1589 593 1647; x_wconf 80' lang='grc' dir='ltr'>δὲ</span> <span class='ocrx_word' id='word_1_136' title='bbox 627 1587 812 1667; x_wconf 77' lang='grc' dir='ltr'>ἰχθύες</span> <span class='ocrx_word' id='word_1_137' title='bbox 844 1592 897 1647; x_wconf 85' lang='grc' dir='ltr'>οἰ</span> <span class='ocrx_word' id='word_1_138' title='bbox 927 1587 1187 1669; x_wconf 74' lang='grc' dir='ltr'>ἀγελαῖοι</span> <span class='ocrx_word' id='word_1_139' title='bbox 1219 1591 1277 1646; x_wconf 89' lang='grc' dir='ltr'>ἐν</span> <span class='ocrx_word' id='word_1_140' title='bbox 1307 1588 1411 1668; x_wconf 76' lang='grc' dir='ltr'>μὲν</span> <span class='ocrx_word' id='word_1_141' title='bbox 1438 1590 1594 1646; x_wconf 83' lang='grc' dir='ltr'>τοῖσι</span> <span class='ocrx_word' id='word_1_142' title='bbox 1622 1591 1932 1664; x_wconf 82' lang='grc' dir='ltr'>ποταμοῖσι</span> 
     </span>
     <span class='ocr_line' id='line_1_19' title="bbox 337 1673 1929 1757; baseline 0.001 -23"><span class='ocrx_word' id='word_1_143' title='bbox 337 1674 405 1735; x_wconf 80' lang='grc' dir='ltr'>ού</span> <span class='ocrx_word' id='word_1_144' title='bbox 438 1675 599 1752; x_wconf 87' lang='grc' dir='ltr'>μάλα</span> <span class='ocrx_word' id='word_1_145' title='bbox 631 1677 896 1757; x_wconf 88' lang='grc' dir='ltr'>γίνονται·</span> <span class='ocrx_word' id='word_1_146' title='bbox 936 1673 1272 1753; x_wconf 88' lang='grc' dir='ltr'>τρεφόμενοι</span> <span class='ocrx_word' id='word_1_147' title='bbox 1312 1675 1372 1733; x_wconf 81' lang='grc' dir='ltr'>δὲ</span> <span class='ocrx_word' id='word_1_148' title='bbox 1413 1680 1470 1735; x_wconf 87' lang='grc' dir='ltr'>ἐν</span> <span class='ocrx_word' id='word_1_149' title='bbox 1500 1679 1636 1755; x_wconf 85' lang='grc' dir='ltr'>τῇσι</span> <span class='ocrx_word' id='word_1_150' title='bbox 1675 1676 1929 1756; x_wconf 85' lang='grc' dir='ltr'>λίμνῃσι,</span> 
     </span>
     <span class='ocr_line' id='line_1_20' title="bbox 335 1763 1928 1843; baseline 0.001 -20"><span class='ocrx_word' id='word_1_151' title='bbox 335 1763 522 1823; x_wconf 83' lang='grc' dir='ltr'>τοιάδε</span> <span class='ocrx_word' id='word_1_152' title='bbox 537 1767 778 1823; x_wconf 81' lang='grc' dir='ltr'>ποιεῦσι·</span> <span class='ocrx_word' id='word_1_153' title='bbox 808 1763 974 1822; x_wconf 87' lang='grc' dir='ltr'>ἐπεάν</span> <span class='ocrx_word' id='word_1_154' title='bbox 989 1769 1175 1839; x_wconf 89' lang='grc' dir='ltr'>σφεας</span> <span class='ocrx_word' id='word_1_155' title='bbox 1192 1764 1317 1843; x_wconf 82' lang='grc' dir='ltr'>ἐσίῃ</span> <span class='ocrx_word' id='word_1_156' title='bbox 1338 1763 1565 1840; x_wconf 82' lang='grc' dir='ltr'>οἶστρος</span> <span class='ocrx_word' id='word_1_157' title='bbox 1581 1764 1928 1835; x_wconf 77' lang='grc' dir='ltr'>κυΐσκεσθαι,</span> 
     </span>
     <span class='ocr_line' id='line_1_21' title="bbox 336 1848 1930 1934; baseline 0.002 -24"><span class='ocrx_word' id='word_1_158' title='bbox 336 1848 614 1931; x_wconf 75' lang='grc' dir='ltr'>ἀγεληδὸν</span> <span class='ocrx_word' id='word_1_159' title='bbox 640 1848 958 1910; x_wconf 83' lang='grc' dir='ltr'>ἐκπλώουσι</span> <span class='ocrx_word' id='word_1_160' title='bbox 991 1855 1046 1914; x_wconf 88' lang='grc' dir='ltr'>ἐς</span> <span class='ocrx_word' id='word_1_161' title='bbox 1074 1851 1180 1927; x_wconf 79' lang='grc' dir='ltr'>τήν</span> <span class='ocrx_word' id='word_1_162' title='bbox 1212 1851 1537 1913; x_wconf 87' lang='grc' dir='ltr'>θάλασσαν·</span> <span class='ocrx_word' id='word_1_163' title='bbox 1576 1851 1839 1934; x_wconf 77' lang='grc' dir='ltr'>ἡγέονται</span> <span class='ocrx_word' id='word_1_164' title='bbox 1871 1854 1930 1913; x_wconf 83' lang='grc' dir='ltr'>δὲ</span> 
     </span>
     <span class='ocr_line' id='line_1_22' title="bbox 337 1936 1931 2021; baseline 0.001 -23"><span class='ocrx_word' id='word_1_165' title='bbox 337 1941 392 1999; x_wconf 84' lang='grc' dir='ltr'>οἰ</span> <span class='ocrx_word' id='word_1_166' title='bbox 423 1940 640 2015; x_wconf 82' lang='grc' dir='ltr'>ἔρσενες</span> <span class='ocrx_word' id='word_1_167' title='bbox 671 1936 1096 2021; x_wconf 75' lang='grc' dir='ltr'>ἀπορραίνοντες</span> <span class='ocrx_word' id='word_1_168' title='bbox 1121 1942 1223 1999; x_wconf 79' lang='grc' dir='ltr'>τοῦ</span> <span class='ocrx_word' id='word_1_169' title='bbox 1258 1939 1445 2015; x_wconf 81' lang='grc' dir='ltr'>θοροῦ·</span> <span class='ocrx_word' id='word_1_170' title='bbox 1489 1942 1547 1998; x_wconf 82' lang='grc' dir='ltr'>αἱ</span> <span class='ocrx_word' id='word_1_171' title='bbox 1572 1939 1632 1998; x_wconf 80' lang='grc' dir='ltr'>δὲ</span> <span class='ocrx_word' id='word_1_172' title='bbox 1668 1940 1931 2017; x_wconf 81' lang='grc' dir='ltr'>ἑπόμεναι</span> 
     </span>
     <span class='ocr_line' id='line_1_23' title="bbox 335 2024 1931 2098; baseline 0.002 -12"><span class='ocrx_word' id='word_1_173' title='bbox 335 2024 736 2098; x_wconf 85' lang='grc' dir='ltr'>ἀνακάπτουσι,</span> <span class='ocrx_word' id='word_1_174' title='bbox 784 2028 878 2086; x_wconf 87' lang='grc' dir='ltr'>καὶ</span> <span class='ocrx_word' id='word_1_175' title='bbox 924 2026 987 2097; x_wconf 78' lang='grc' dir='ltr'>ἐξ</span> <span class='ocrx_word' id='word_1_176' title='bbox 1031 2026 1203 2087; x_wconf 72' lang='grc' dir='ltr'>αὐτοῦ</span> <span class='ocrx_word' id='word_1_177' title='bbox 1252 2027 1591 2087; x_wconf 74' lang='grc' dir='ltr'>κυΐσκονται·</span> <span class='ocrx_word' id='word_1_178' title='bbox 1651 2028 1819 2089; x_wconf 71' lang='grc' dir='ltr'>ἐπεοῖν</span> <span class='ocrx_word' id='word_1_179' title='bbox 1872 2030 1931 2089; x_wconf 82' lang='grc' dir='ltr'>δὲ</span> 
     </span>
     <span class='ocr_line' id='line_1_24' title="bbox 334 2113 1932 2197; baseline 0.001 -22"><span class='ocrx_word' id='word_1_180' title='bbox 334 2115 574 2194; x_wconf 82' lang='grc' dir='ltr'>πλήρεες</span> <span class='ocrx_word' id='word_1_181' title='bbox 597 2116 862 2197; x_wconf 86' lang='grc' dir='ltr'>γένωνται</span> <span class='ocrx_word' id='word_1_182' title='bbox 883 2120 942 2176; x_wconf 87' lang='grc' dir='ltr'>ἐν</span> <span class='ocrx_word' id='word_1_183' title='bbox 959 2118 1032 2195; x_wconf 77' lang='grc' dir='ltr'>τῇ</span> <span class='ocrx_word' id='word_1_184' title='bbox 1049 2114 1337 2193; x_wconf 81' lang='grc' dir='ltr'>θαλάσσῃ,</span> <span class='ocrx_word' id='word_1_185' title='bbox 1360 2113 1723 2175; x_wconf 75' lang='grc' dir='ltr'>ἀναπλώουσι</span> <span class='ocrx_word' id='word_1_186' title='bbox 1750 2114 1932 2177; x_wconf 80' lang='grc' dir='ltr'>ὀπίσω</span> 
     </span>
     <span class='ocr_line' id='line_1_25' title="bbox 337 2202 1932 2285; baseline 0 -21"><span class='ocrx_word' id='word_1_187' title='bbox 337 2210 394 2268; x_wconf 90' lang='grc' dir='ltr'>ἐς</span> <span class='ocrx_word' id='word_1_188' title='bbox 437 2204 576 2280; x_wconf 84' lang='grc' dir='ltr'>ἤθεα</span> <span class='ocrx_word' id='word_1_189' title='bbox 621 2204 694 2265; x_wconf 85' lang='grc' dir='ltr'>τοὶ</span> <span class='ocrx_word' id='word_1_190' title='bbox 740 2208 951 2264; x_wconf 77' lang='grc' dir='ltr'>ἑωυτῶν</span> <span class='ocrx_word' id='word_1_191' title='bbox 994 2204 1241 2263; x_wconf 82' lang='grc' dir='ltr'>ἕκαστοι.</span> <span class='ocrx_word' id='word_1_192' title='bbox 1322 2202 1585 2283; x_wconf 81' lang='grc' dir='ltr'>ἡγέονται</span> <span class='ocrx_word' id='word_1_193' title='bbox 1629 2204 1823 2279; x_wconf 81' lang='grc' dir='ltr'>μέντοι</span> <span class='ocrx_word' id='word_1_194' title='bbox 1864 2230 1932 2285; x_wconf 92' lang='grc' dir='ltr'>γε</span> 
     </span>
     <span class='ocr_line' id='line_1_26' title="bbox 335 2290 1932 2372; baseline 0 -21"><span class='ocrx_word' id='word_1_195' title='bbox 335 2291 520 2351; x_wconf 82' lang='grc' dir='ltr'>ούκέτι</span> <span class='ocrx_word' id='word_1_196' title='bbox 539 2295 592 2351; x_wconf 86' lang='grc' dir='ltr'>οἰ</span> <span class='ocrx_word' id='word_1_197' title='bbox 618 2291 792 2360; x_wconf 73' lang='grc' dir='ltr'>αὖτοὶ,</span> <span class='ocrx_word' id='word_1_198' title='bbox 811 2290 966 2351; x_wconf 86' lang='grc' dir='ltr'>ἀλλά</span> <span class='ocrx_word' id='word_1_199' title='bbox 983 2295 1092 2352; x_wconf 78' lang='grc' dir='ltr'>τῶν</span> <span class='ocrx_word' id='word_1_200' title='bbox 1115 2290 1329 2366; x_wconf 90' lang='grc' dir='ltr'>θηλέων</span> <span class='ocrx_word' id='word_1_201' title='bbox 1348 2290 1561 2370; x_wconf 88' lang='grc' dir='ltr'>γίνεται</span> <span class='ocrx_word' id='word_1_202' title='bbox 1582 2290 1621 2366; x_wconf 80' lang='grc' dir='ltr'><em>ἦ</em></span> <span class='ocrx_word' id='word_1_203' title='bbox 1642 2290 1932 2372; x_wconf 79' lang='grc' dir='ltr'>ἡγεμονίη·</span> 
     </span>
     <span class='ocr_line' id='line_1_27' title="bbox 333 2376 1934 2459; baseline 0.002 -23"><span class='ocrx_word' id='word_1_204' title='bbox 333 2378 634 2457; x_wconf 74' lang='grc' dir='ltr'>ἡγεύμεναι</span> <span class='ocrx_word' id='word_1_205' title='bbox 671 2378 730 2436; x_wconf 81' lang='grc' dir='ltr'>δὲ</span> <span class='ocrx_word' id='word_1_206' title='bbox 766 2377 1060 2459; x_wconf 83' lang='grc' dir='ltr'>ἀγεληδόν,</span> <span class='ocrx_word' id='word_1_207' title='bbox 1087 2380 1314 2437; x_wconf 68' lang='grc' dir='ltr'>ποιεῦσι</span> <span class='ocrx_word' id='word_1_208' title='bbox 1350 2376 1470 2437; x_wconf 82' lang='grc' dir='ltr'>οἶόν</span> <span class='ocrx_word' id='word_1_209' title='bbox 1494 2403 1601 2454; x_wconf 90' lang='grc' dir='ltr'>περ</span> <span class='ocrx_word' id='word_1_210' title='bbox 1629 2380 1848 2439; x_wconf 84' lang='grc' dir='ltr'>ἐποίευν</span> <span class='ocrx_word' id='word_1_211' title='bbox 1880 2383 1934 2440; x_wconf 81' lang='grc' dir='ltr'>οἶ</span> 
     </span>
     <span class='ocr_line' id='line_1_28' title="bbox 333 2464 1932 2548; baseline 0.002 -25"><span class='ocrx_word' id='word_1_212' title='bbox 333 2466 570 2542; x_wconf 79' lang='grc' dir='ltr'>ἔρσενες·</span> <span class='ocrx_word' id='word_1_213' title='bbox 623 2467 734 2524; x_wconf 79' lang='grc' dir='ltr'>τῶν</span> <span class='ocrx_word' id='word_1_214' title='bbox 771 2464 882 2545; x_wconf 77' lang='grc' dir='ltr'>γάρ</span> <span class='ocrx_word' id='word_1_215' title='bbox 925 2464 1044 2523; x_wconf 74' lang='grc' dir='ltr'>ὠῶν</span> <span class='ocrx_word' id='word_1_216' title='bbox 1084 2464 1489 2543; x_wconf 75' lang='grc' dir='ltr'>ἀπορραίνουσι</span> <span class='ocrx_word' id='word_1_217' title='bbox 1542 2465 1662 2525; x_wconf 83' lang='grc' dir='ltr'>κατ’</span> <span class='ocrx_word' id='word_1_218' title='bbox 1701 2465 1932 2548; x_wconf 78' lang='grc' dir='ltr'>ὀλίγους</span> 
     </span>
     <span class='ocr_line' id='line_1_29' title="bbox 333 2551 1930 2633; baseline 0.002 -21"><span class='ocrx_word' id='word_1_219' title='bbox 333 2554 444 2612; x_wconf 78' lang='grc' dir='ltr'>τῶν</span> <span class='ocrx_word' id='word_1_220' title='bbox 491 2551 755 2633; x_wconf 82' lang='grc' dir='ltr'>κέγχρων,</span> <span class='ocrx_word' id='word_1_221' title='bbox 791 2555 844 2611; x_wconf 87' lang='grc' dir='ltr'>οἰ</span> <span class='ocrx_word' id='word_1_222' title='bbox 885 2552 943 2611; x_wconf 84' lang='grc' dir='ltr'>δὲ</span> <span class='ocrx_word' id='word_1_223' title='bbox 985 2553 1203 2630; x_wconf 82' lang='grc' dir='ltr'>ἔρσενες</span> <span class='ocrx_word' id='word_1_224' title='bbox 1244 2554 1611 2614; x_wconf 87' lang='grc' dir='ltr'>καταπίνουσι</span> <span class='ocrx_word' id='word_1_225' title='bbox 1652 2554 1930 2630; x_wconf 81' lang='grc' dir='ltr'>ἑπόμενοι·</span> 
     </span>
     <span class='ocr_line' id='line_1_30' title="bbox 334 2637 1932 2724; baseline 0.002 -24"><span class='ocrx_word' id='word_1_226' title='bbox 334 2640 446 2701; x_wconf 85' lang='grc' dir='ltr'>εἰσὶ</span> <span class='ocrx_word' id='word_1_227' title='bbox 471 2640 532 2700; x_wconf 82' lang='grc' dir='ltr'>δὲ</span> <span class='ocrx_word' id='word_1_228' title='bbox 560 2644 612 2700; x_wconf 86' lang='grc' dir='ltr'>οἰ</span> <span class='ocrx_word' id='word_1_229' title='bbox 639 2642 867 2721; x_wconf 87' lang='grc' dir='ltr'>κέγχροι</span> <span class='ocrx_word' id='word_1_230' title='bbox 899 2637 1052 2719; x_wconf 57' lang='lat' dir='ltr'>effron</span> <span class='ocrx_word' id='word_1_231' title='bbox 1086 2640 1291 2720; x_wconf 86' lang='grc' dir='ltr'>ἰχθύες·</span> <span class='ocrx_word' id='word_1_232' title='bbox 1334 2646 1395 2700; x_wconf 90' lang='grc' dir='ltr'>ἐκ</span> <span class='ocrx_word' id='word_1_233' title='bbox 1432 2641 1492 2700; x_wconf 80' lang='grc' dir='ltr'>δὲ</span> <span class='ocrx_word' id='word_1_234' title='bbox 1520 2645 1631 2701; x_wconf 76' lang='grc' dir='ltr'>τῶν</span> <span class='ocrx_word' id='word_1_235' title='bbox 1655 2667 1932 2724; x_wconf 89' lang='grc' dir='ltr'>περιγινο-</span> 
     </span>
     <span class='ocr_line' id='line_1_31' title="bbox 329 2728 1933 2809; baseline 0.001 -20"><span class='ocrx_word' id='word_1_236' title='bbox 329 2730 509 2806; x_wconf 90' lang='grc' dir='ltr'>μένων</span> <span class='ocrx_word' id='word_1_237' title='bbox 535 2729 626 2788; x_wconf 86' lang='grc' dir='ltr'>καὶ</span> <span class='ocrx_word' id='word_1_238' title='bbox 652 2728 734 2805; x_wconf 80' lang='grc' dir='ltr'>μὴ</span> <span class='ocrx_word' id='word_1_239' title='bbox 763 2729 1211 2806; x_wconf 85' lang='grc' dir='ltr'>καταπινομένων</span> <span class='ocrx_word' id='word_1_240' title='bbox 1237 2728 1485 2809; x_wconf 84' lang='grc' dir='ltr'>κέγχρων</span> <span class='ocrx_word' id='word_1_241' title='bbox 1511 2732 1565 2789; x_wconf 83' lang='grc' dir='ltr'>οἶ</span> <span class='ocrx_word' id='word_1_242' title='bbox 1595 2729 1933 2807; x_wconf 83' lang='grc' dir='ltr'>τρεφόμενοι</span> 
     </span>
     <span class='ocr_line' id='line_1_32' title="bbox 335 2814 1933 2898; baseline 0.003 -22"><span class='ocrx_word' id='word_1_243' title='bbox 335 2817 519 2896; x_wconf 84' lang='grc' dir='ltr'>ἰχθύες</span> <span class='ocrx_word' id='word_1_244' title='bbox 553 2819 820 2898; x_wconf 83' lang='grc' dir='ltr'>γίνονται.</span> <span class='ocrx_word' id='word_1_245' title='bbox 889 2816 943 2876; x_wconf 78' lang='grc' dir='ltr'>οἳ</span> <span class='ocrx_word' id='word_1_246' title='bbox 975 2816 1020 2875; x_wconf 84' lang='grc' dir='ltr'>δ’</span> <span class='ocrx_word' id='word_1_247' title='bbox 1048 2814 1116 2876; x_wconf 79' lang='grc' dir='ltr'>ἂν</span> <span class='ocrx_word' id='word_1_248' title='bbox 1148 2815 1345 2889; x_wconf 53' lang='grc' dir='ltr'>αὐτῶν,</span> <span class='ocrx_word' id='word_1_249' title='bbox 1366 2816 1554 2877; x_wconf 80' lang='grc' dir='ltr'>ἀλῶσι</span> <span class='ocrx_word' id='word_1_250' title='bbox 1590 2817 1933 2882; x_wconf 81' lang='grc' dir='ltr'>ἐκπλώοντες</span> 
     </span>
     <span class='ocr_line' id='line_1_33' title="bbox 332 2904 1931 2983; baseline 0.001 -19"><span class='ocrx_word' id='word_1_251' title='bbox 332 2910 387 2968; x_wconf 87' lang='grc' dir='ltr'>ἐς</span> <span class='ocrx_word' id='word_1_252' title='bbox 419 2904 740 2975; x_wconf 82' lang='grc' dir='ltr'>θάλασσαν,</span> <span class='ocrx_word' id='word_1_253' title='bbox 777 2905 1070 2982; x_wconf 88' lang='grc' dir='ltr'>φαίνονται</span> <span class='ocrx_word' id='word_1_254' title='bbox 1101 2904 1457 2980; x_wconf 87' lang='grc' dir='ltr'>τετριμμένοι</span> <span class='ocrx_word' id='word_1_255' title='bbox 1486 2904 1558 2964; x_wconf 82' lang='grc' dir='ltr'>τοὶ</span> <span class='ocrx_word' id='word_1_256' title='bbox 1592 2904 1931 2983; x_wconf 79' lang='grc' dir='ltr'>ἐπαριστερά</span> 
     </span>
     <span class='ocr_line' id='line_1_34' title="bbox 331 2988 1933 3068; baseline 0.002 -18"><span class='ocrx_word' id='word_1_257' title='bbox 331 2995 441 3051; x_wconf 75' lang='grc' dir='ltr'>τῶν</span> <span class='ocrx_word' id='word_1_258' title='bbox 493 2991 799 3068; x_wconf 88' lang='grc' dir='ltr'>κεφαλέων·</span> <span class='ocrx_word' id='word_1_259' title='bbox 863 2990 918 3050; x_wconf 73' lang='grc' dir='ltr'>οἳ</span> <span class='ocrx_word' id='word_1_260' title='bbox 967 2989 1015 3049; x_wconf 84' lang='grc' dir='ltr'>δ’</span> <span class='ocrx_word' id='word_1_261' title='bbox 1060 2988 1130 3049; x_wconf 79' lang='grc' dir='ltr'>ἂν</span> <span class='ocrx_word' id='word_1_262' title='bbox 1174 2989 1360 3050; x_wconf 76' lang='grc' dir='ltr'>ὀπίσω</span> <span class='ocrx_word' id='word_1_263' title='bbox 1408 2991 1812 3063; x_wconf 86' lang='grc' dir='ltr'>ἀναπλώοντες,</span> <span class='ocrx_word' id='word_1_264' title='bbox 1860 2995 1933 3054; x_wconf 81' lang='grc' dir='ltr'>τά</span> 
     </span>
     <span class='ocr_line' id='line_1_35' title="bbox 332 3076 1931 3155; baseline 0.002 -19"><span class='ocrx_word' id='word_1_265' title='bbox 332 3078 574 3147; x_wconf 82' lang='grc' dir='ltr'>ἐπιδεξιοὶ</span> <span class='ocrx_word' id='word_1_266' title='bbox 611 3079 962 3155; x_wconf 87' lang='grc' dir='ltr'>τετρίφαται·</span> <span class='ocrx_word' id='word_1_267' title='bbox 1002 3076 1299 3154; x_wconf 88' lang='grc' dir='ltr'>πάσχουσι</span> <span class='ocrx_word' id='word_1_268' title='bbox 1335 3077 1396 3137; x_wconf 83' lang='grc' dir='ltr'>δὲ</span> <span class='ocrx_word' id='word_1_269' title='bbox 1434 3083 1611 3139; x_wconf 81' lang='grc' dir='ltr'>ταῦτα</span> <span class='ocrx_word' id='word_1_270' title='bbox 1651 3080 1743 3140; x_wconf 69' lang='grc' dir='ltr'>διὰ</span> <span class='ocrx_word' id='word_1_271' title='bbox 1783 3080 1931 3141; x_wconf 84' lang='grc' dir='ltr'>τόδε·</span> 
     </span>
     <span class='ocr_line' id='line_1_36' title="bbox 331 3162 1932 3245; baseline 0.006 -25"><span class='ocrx_word' id='word_1_272' title='bbox 331 3163 587 3241; x_wconf 86' lang='grc' dir='ltr'>ἐχόμενοι</span> <span class='ocrx_word' id='word_1_273' title='bbox 601 3169 702 3240; x_wconf 78' lang='grc' dir='ltr'>τῆς</span> <span class='ocrx_word' id='word_1_274' title='bbox 715 3169 820 3245; x_wconf 79' lang='grc' dir='ltr'>γῆς</span> <span class='ocrx_word' id='word_1_275' title='bbox 837 3162 920 3223; x_wconf 76' lang='grc' dir='ltr'>ἐπ’</span> <span class='ocrx_word' id='word_1_276' title='bbox 937 3162 1207 3239; x_wconf 73' lang='grc' dir='ltr'>ἀριστερά</span> <span class='ocrx_word' id='word_1_277' title='bbox 1224 3164 1624 3227; x_wconf 84' lang='grc' dir='ltr'>καταπλώουσι</span> <span class='ocrx_word' id='word_1_278' title='bbox 1641 3172 1696 3231; x_wconf 89' lang='grc' dir='ltr'>ἐς</span> <span class='ocrx_word' id='word_1_279' title='bbox 1713 3168 1932 3229; x_wconf 83' lang='grc' dir='ltr'>θάλασ-</span> 
     </span>
     <span class='ocr_line' id='line_1_37' title="bbox 331 3249 1933 3335; baseline 0.008 -31"><span class='ocrx_word' id='word_1_280' title='bbox 331 3270 460 3307; x_wconf 87' lang='grc' dir='ltr'>σαν·</span> <span class='ocrx_word' id='word_1_281' title='bbox 500 3252 594 3310; x_wconf 87' lang='grc' dir='ltr'>καὶ</span> <span class='ocrx_word' id='word_1_282' title='bbox 619 3251 1005 3313; x_wconf 84' lang='grc' dir='ltr'>ἀναπλώοντες</span> <span class='ocrx_word' id='word_1_283' title='bbox 1036 3249 1238 3320; x_wconf 77' lang='grc' dir='ltr'>ὀπίσω,</span> <span class='ocrx_word' id='word_1_284' title='bbox 1266 3256 1366 3327; x_wconf 81' lang='grc' dir='ltr'>τῆς</span> <span class='ocrx_word' id='word_1_285' title='bbox 1399 3252 1569 3329; x_wconf 78' lang='grc' dir='ltr'>αὐτῆς</span> <span class='ocrx_word' id='word_1_286' title='bbox 1604 3253 1933 3335; x_wconf 83' lang='grc' dir='ltr'>ἀντέχονται</span> 
     </span>
    </p>
   </div>
  </div>
 </body>
</html>
