2250 3500
297 95 581 160 149—153]
875 97 1328 146 MEAnoMENH.
1803 105 1894 152 341

295 175 572 252 α’ποικίην.
644 177 769 236 ἐπεί
803 203 866 237 τε
912 177 971 236 δὲ
1017 180 1188 236 κακοῦ
1230 177 1387 238 οὐδὲν
1429 178 1500 255 ἦν
1541 187 1656 257 σφι
1700 184 1900 260 μῆχος,

296 266 584 339 πέμπουσι
639 269 694 327 ἐς
750 265 980 341 Κρήτην
1033 264 1309 345 ἀγγέλους
1363 267 1681 344 διζημένους
1729 271 1781 328 εἴ
1823 295 1906 333 τις

298 357 534 429 Κρητῶν
560 352 597 428 ἢ
622 353 890 428 μετοίκων
916 351 1223 432 ἀπιγμένος
1257 355 1337 429 εἴη
1367 353 1422 416 ἐς
1448 357 1706 432 Αιβύην;
1751 382 1902 434 περι-

294 440 649 516 πλανώμενοι
676 439 736 498 δὲ
774 439 944 515 αὐτήν
982 438 1136 500 οὗτοι
1167 440 1434 500 ἀπίκοντο
1474 444 1566 501 καὶ
1602 442 1658 506 ἐς
1683 443 1907 505 Ἴτανον

296 527 483 587 πόλιν·
522 527 581 588 ἐν
606 527 780 606 ταύτῃ
808 528 868 587 δὲ
894 529 1290 609 συμμίσγουσι
1325 527 1484 606 α’,νδρὶ
1516 531 1795 606 πορφυρέῖ
1830 536 1907 610 τῷ

295 616 507 692 οὕνομα
528 617 621 692 ἔην
643 615 966 692 Κορώβιος·
996 616 1055 679 ὃς
1084 619 1193 692 ἔφη
1215 616 1306 676 ὕπ’
1329 617 1542 694 α’νέμων
1564 616 1906 697 ἀπενειχθεὶς

292 703 597 764 ἀπικέσθαι
618 709 672 766 ἐς
699 704 937 780 Αιβύην,
969 705 1061 763 καὶ
1086 704 1318 780 Λιβύης,
1337 710 1391 767 ἐς
1411 707 1680 764 Πλατέαν
1702 710 1900 781 νῆσον·

292 793 483 870 μισθῷ
522 793 579 852 δὲ
618 796 817 851 τοῦτον
856 793 1152 856 πείσαντες
1192 792 1334 873 ἦγον
1375 799 1430 856 ἐς
1471 793 1684 870 Θήρην·
1743 799 1802 852 ἐκ
1845 795 1904 853 δὲ

294 880 482 956 Θήρης
509 882 709 940 ἔπλεον
738 880 1085 940 κατάσκοποι
1120 879 1325 958 ἄνδρες,
1354 880 1424 942 τοὶ
1450 885 1644 959 πρῶτα
1671 880 1735 940 οὗ
1763 886 1898 940 πολ-

294 969 405 1036 λοὶ,
434 969 897 1049 κατηγησαμένου
935 968 993 1026 δὲ
1029 972 1133 1029 τοῦ
1170 971 1473 1045 Κορωβίου
1512 974 1566 1033 ἐς
1591 969 1695 1045 τήν
1722 973 1900 1045 νῆσον

224 1069 231 1073 ’
291 1055 501 1131 ταύτην
526 1056 592 1132 δή
618 1057 723 1132 τὴν
750 1057 1032 1127 Πλατέαν,
1058 1057 1160 1116 τόν
1184 1060 1287 1133 μὲν
1309 1057 1611 1134 Κορώβιον
1638 1058 1902 1118 λείπουσι

292 1144 449 1202 σιτία
477 1143 872 1207 καταλιπόντες
904 1143 1053 1204 ὅσων
1080 1144 1150 1220 δὴ
1182 1149 1385 1221 μηνῶν,
1414 1145 1572 1204 αὐτοὶ
1607 1145 1666 1204 δὲ
1700 1146 1903 1206 ἔπλεον

292 1231 397 1307 τήν
450 1233 724 1310 ταχίστην
778 1231 1219 1314 ἀπαγγελέοντες
1266 1234 1564 1310 Θηραίοισι
1619 1235 1750 1310 περὶ
1802 1237 1904 1309 τῆς

292 1318 491 1394 νήσου.
549 1318 1010 1395 Ἀποδημεόντων
1036 1319 1097 1379 δὲ
1122 1319 1330 1380 τούτων
1356 1320 1511 1378 πλέω
1533 1320 1739 1399 χρόνον
1761 1325 1861 1379 τοῦ
1882 1324 1997 1380 152

292 1408 677 1488 συγκειμένου,
703 1407 803 1467 τὸν
829 1406 1132 1490 Κορώβιον
1159 1407 1388 1466 ἐπέλιπε
1413 1405 1486 1466 τοὶ
1512 1406 1722 1466 πάντα·
1757 1407 1900 1483 μετά

292 1495 370 1564 δὲ,
394 1498 523 1571 νηῦς
544 1495 728 1573 Σαμίη
753 1499 853 1570 τῆς
879 1495 1189 1571 ναύκληρος
1215 1496 1308 1570 ἔην
1336 1497 1614 1564 Κωλαῖος,
1641 1495 1902 1553 πλέουσα

292 1581 379 1641 ἐπ’
428 1583 713 1664 Αἰγύπτου
754 1581 1064 1662 ἀπηνείχθη
1108 1586 1164 1645 ἐς
1204 1581 1309 1658 τήν
1352 1583 1618 1642 Πλατέαν
1661 1581 1868 1658 ταύτην
1883 1609 1896 1621 ·

290 1670 597 1747 πυθόμενοι
638 1671 697 1730 δὲ
751 1675 804 1732 οἶ
858 1671 1063 1748 Σάμιοι
1103 1669 1258 1748 παροὶ
1303 1674 1403 1730 τοῦ
1451 1671 1754 1748 Κορωβίου
1795 1670 1897 1730 τόν

290 1758 477 1819 πάντα
502 1760 693 1841 λόγον,
721 1762 877 1821 σιτία
904 1764 958 1819 οἱ
986 1763 1236 1820 ἐνιαυτοῦ
1265 1760 1699 1820 καταλείπουσι·
1733 1758 1898 1819 αὖτοῖ

292 1848 353 1907 δὲ
380 1846 708 1927 ἀναχθέντες
736 1852 920 1927 ἐκ-τῆς
946 1847 1122 1923 νήσου
1147 1848 1239 1907 καὶ
1259 1846 1593 1929 γλιχόμενοι
1612 1847 1901 1929 Αἰγύπτου

292 1939 495 1995 ἔπλεον
530 1936 944 2014 ἀποφερόμενοι
978 1935 1270 2013 ἀπηλιώτῃ
1307 1934 1506 2012 ἀνέμῳ,
1544 1936 1652 2004 καὶ,
1691 1934 1754 1993 οὗ
1785 1935 1900 2015 γοῖρ

290 2023 435 2084 α’,νίει
468 2024 533 2085 τό
569 2028 803 2102 πνεῦμα,
829 2023 1149 2100 Ἡρακλέας
1186 2021 1405 2096 στήλας
1433 2020 1896 2098 διεκπερήσαντες

289 2112 559 2173 ἀπίκοντο
586 2117 641 2176 ἐς
664 2111 1019 2189 Ταρτησσὸν,
1050 2110 1171 2188 θείῃ
1198 2111 1400 2187 πομπῇ
1428 2108 1751 2187 χρεώμενοι.
1831 2108 1899 2167 τὰ

289 2201 352 2260 δὲ
388 2200 653 2278 ἐμπόριον
682 2204 847 2261 τοΰτο
883 2198 953 2275 ἦν
989 2197 1269 2275 άκηρατον
1304 2200 1506 2257 τοῦτον
1539 2221 1639 2254 τον
1664 2193 1896 2273 χρόνον·

290 2288 438 2348 ὥστε
463 2287 955 2371 ἀπονοστήσαντες
982 2312 1136 2345 ουτοι
1163 2284 1361 2354 ὀπίσω,
1390 2284 1636 2364 μέγιστα
1664 2282 1731 2357 δὴ
1768 2282 1898 2341 Ἑλ-

290 2375 475 2451 λήνων
500 2376 720 2436 πάντων
745 2379 855 2434 τῶν
890 2375 1049 2452 ἡμεῖς
1086 2373 1346 2451 ἅτρεκίην
1383 2372 1593 2449 ἶδμεν’
1568 2398 1628 2431 εκ
1656 2370 1901 2448 φορτίων

290 2464 612 2540 ἐκέρδησαν,
653 2462 797 2541 μετά
842 2487 909 2544 γε
958 2460 1296 2538 Σώστρατον
1335 2460 1434 2521 τόν
1480 2459 1900 2536 Λαοδάμαντος,

293 2550 616 2631 Αἰγινήτην·
655 2549 832 2629 τούτῳ
857 2552 969 2630 γοὶρ
998 2548 1097 2608 οὖκ
1128 2548 1218 2608 οἷά
1244 2550 1309 2608 τέ
1333 2554 1456 2609 ἐστι
1483 2550 1667 2625 ἐρίσαι
1693 2546 1894 2607 ἄλλον.

290 2666 347 2699 οι
388 2639 447 2698 δὲ
489 2638 693 2716 Σάμιοι
730 2638 834 2714 τὴν
866 2637 1101 2713 δεκάτην
1133 2641 1242 2697 τῶν
1271 2636 1590 2712 ἐπικερδίων
1619 2633 1900 2702 ἐξελόντες

291 2726 357 2797 ἐξ
378 2727 699 2796 τάλαντα,’
675 2726 1013 2801 εποιήσαντο
1040 2723 1318 2803 χαλκήϊον
1344 2726 1614 2799 κρητῆρος
1639 2721 1898 2800 Ἀργολι-

290 2818 393 2875 κοῦ
434 2814 661 2891 τρόπον·
715 2814 876 2890 πέριξ
913 2814 972 2872 δὲ
1010 2811 1180 2871 αυτοῦ
1221 2813 1447 2891 γρυπῶν
1481 2808 1728 2885 κεφαλαὶ
1763 2805 1899 2883 πρό-

292 2905 541 2981 κροσσοί
576 2908 705 2963 εἰσι·
748 2928 839 2961 και
873 2901 1208 2976 οἷνέθηκαν’
1183 2924 1238 2961 ες
1273 2897 1338 2958 τὰ
1364 2896 1624 2973 Ἥραιον,
1651 2894 1899 2969 υποστή-

290 3018 495 3055 σαντες
529 2991 674 3069 αὐτῷ
710 2996 857 3068 τρεῖς
893 2987 1170 3069 χαλκέους
1198 2983 1569 3046 κολοσσουςε
1547 2982 1902 3061 επταπήχεας

290 3085 445 3140 τοῖσι
486 3078 725 3162 γούνασι
773 3074 1216 3155 ἐρηρεισμένους.
1285 3075 1654 3149 Κυρηναίοισι
1703 3069 1762 3127 δὲ
1805 3070 1897 3127 καὶ

292 3168 595 3245 Θηραίοισι
632 3172 686 3229 ἐς
722 3166 966 3240 Σαμίους
1008 3162 1119 3223 σ’,πο
1156 3161 1357 3222 τούτου
1391 3163 1491 3221 τοῦ
1519 3159 1683 3239 ἔργου
1706 3161 1902 3236 πρῶτα

294 3255 485 3332 φιλίαι
540 3254 783 3332 μεγάλαι
835 3250 1278 3327 συνεκρήθησαν.
1367 3251 1441 3307 Oc.
1497 3247 1554 3305 δὲ
1608 3248 1858 3321 Θηραῖοι,
1881 3245 1994 3302 153
