2250 3500
355 142 576 207 ειν-84]
1047 143 1279 194 num.
1888 147 1951 194 ⁴1

351 225 690 302 ραμείναντα
729 223 824 283 καὶ
857 222 1251 284 σκυλεύσαντα
1289 221 1421 288 τοῦς
1453 223 1671 286 ἐκείνων
1694 223 1953 300 νεκρούς.

350 313 517 376 τέλος
573 312 648 380 δὲ,
711 315 774 370 ἐκ
829 314 932 386 τῆς
987 311 1166 387 ἔριδος
1215 310 1597 387 συμπεσόντες
1656 311 1945 392 ἐμάχοντο·

351 399 639 460 πεσόντων
654 398 714 458 δὲ
741 399 832 458 καὶ
857 397 1189 475 ἀμφοτέρων
1213 401 1459 470 πολλῶν,
1481 400 1667 460 ἐνίκων
1686 399 1949 458 Λακεδαι-

349 485 556 562 μόνιοι.
635 485 880 568 Ἀργεῖοι
917 485 1037 562 ,μέν
1075 511 1173 546 νυν
1214 483 1325 545 dard
1370 485 1569 546 τούτου
1608 491 1709 547 τοῦ
1746 486 1951 566 χρόνου

351 573 806 651 κατακειράμενοι
856 572 958 638 τοῖς
1009 571 1279 649 κεφαλὰς,
1330 571 1601 650 πρότερον
1650 573 1950 656 ἐπάναγκες

351 665 643 738 κομῶντες,
696 660 1034 737 ἐποιήσαντο
1085 660 1258 738 νόμον
1307 685 1371 720 τε
1421 660 1514 719 καὶ
1556 659 1816 738 κατάρην,
1866 661 1947 739 μὴ

350 747 626 828 πρότερον
655 749 881 826 θρέψειν
913 746 1091 825 κόμην
1123 747 1391 829 Ἀργείων
1420 747 1647 824 μηδένα,
1678 747 1819 824 μηδὲ
1849 747 1951 812 τὰς

348 836 613 914 γυναῖκάς
651 843 766 913 σφι
804 835 1281 915 χρυσοφορήσειν,
1313 835 1445 912 πρὶν
1470 833 1539 894 ἂν
1580 834 1790 912 Θυρέας
1820 833 1947 896 α’να-

349 922 664 984 σώσωνται.
747 923 1172 1001 Λακεδαιμόνιοι
1226 923 1287 982 δὲ
1340 921 1411 983 τά
1468 924 1686 983 ἐναντία
1740 921 1947 984 τούτων

351 1009 538 1072 ἔθεντο
563 1011 752 1090 νόμον,
777 1010 844 1072 οὗ
870 1010 980 1093 γάρ
1008 1013 1282 1088 κομῶντες
1306 1011 1417 1088 πρὸ
1442 1009 1656 1080 τούτου,
1684 1009 1795 1070 οἷπὸ
1820 1011 1943 1072 τού-

347 1123 449 1158 του
475 1104 674 1175 κομᾶν.
753 1099 854 1160 τᾶν
887 1099 950 1158 δὲ
979 1099 1074 1158 ἕνα
1108 1099 1345 1179 λέγουσι
1378 1095 1479 1158 τᾶν
1514 1099 1945 1176 περιλειφθέντα

345 1189 460 1246 τῶν
501 1188 852 1265 τριηκοσίων,
903 1185 1235 1263 Ὀθρυάδην,
1287 1186 1693 1265 αἰσχυνόμενον
1742 1185 1943 1246 ἀπονο-

345 1275 534 1335 στέειν
575 1280 630 1339 ἐς
677 1273 956 1354 Σπάρτην,
995 1277 1108 1334 τῶν
1155 1277 1211 1333 οἱ
1254 1275 1637 1352 συλλοχιτέων
1682 1273 1943 1351 διεφθαρ-

348 1361 548 1436 μένων,
582 1361 749 1423 αὐτοῦ
777 1388 876 1440 μιν
915 1366 974 1422 ἐν
1011 1365 1151 1440 τῇσι
1189 1361 1437 1440 Θυρέῃσι
1478 1359 1945 1439 καταχρήσασθαι

351 1446 570 1508 ἑωυτόν.
649 1450 922 1510 Τοιούτων
947 1449 1008 1510 δὲ
1022 1453 1177 1508 τοῖσι
1192 1447 1579 1526 Σπαρτιήτῃσι
1605 1447 1943 1509 ἐνεστεώτων
1960 1452 2039 1510 83

345 1535 688 1616 πρηγμάτων
709 1534 812 1614 ἧκε
835 1536 868 1598 ὁ
897 1536 1203 1614 Σαρδιηνός
1228 1535 1417 1613 κήρυξ,
1438 1534 1694 1610 δεόμενος
1714 1536 1943 1616 Κροίσῳ

344 1624 609 1700 βοηθέειν
626 1625 1090 1704 πολιορκεομένῳ·
1119 1623 1251 1684 οἶδὲ
1270 1621 1417 1700 ὅμως
1443 1624 1566 1682 ἐπεί
1586 1648 1648 1684 τε
1675 1621 1943 1684 ἐπύθοντο

343 1716 446 1772 τοῦ
479 1712 728 1791 κήρυκος,
755 1712 997 1791 ὁρμεατο
1026 1711 1307 1789 βοηθέειν·
1351 1712 1448 1772 καί
1482 1717 1594 1789 σφι
1628 1709 1735 1789 ἤδη
1774 1739 1943 1791 παρε-

346 1802 798 1879 σκευασμένοισι,
819 1802 914 1861 καὶ
943 1806 1075 1863 νεῶν
1095 1802 1332 1862 ἐουσέων
1353 1802 1597 1878 ἑτοίμων,
1620 1798 1761 1877 ἦλθε
1788 1800 1941 1880 ἅλλη

345 1887 598 1970 ἀγγελίη,
629 1916 702 1954 ως
724 1888 935 1965 ἡλώκοι
959 1888 1026 1949 τό
1062 1892 1249 1968 τεῖχος
1282 1893 1393 1949 τῶν
1418 1888 1613 1949 Λυδῶν
1638 1889 1731 1947 καὶ
1757 1890 1941 1968 ἔχοιτο

345 1980 597 2053 Κροῖσος
635 1976 952 2058 ζωγρηθείς.
993 1975 1135 2037 οὕτω
1171 1976 1240 2053 δή
1278 2002 1430 2037 ουτοι
1468 2001 1589 2053 μεν,
1635 1976 1941 2053 συμφορην

343 2065 714 2143 ποιησάμενοι
737 2063 1010 2145 μεγάλην,
1035 2064 1363 2125 ἐπέπαυντο.

425 2152 656 2229 Σάρδιες
685 2152 746 2211 δὲ
779 2150 1012 2228 ἥλωσαν
1051 2148 1174 2209 ὦδε.
1263 2149 1451 2225 ἐπειδὴ
1484 2149 1935 2226 τεσσερεσκαιδε-
1954 2154 2033 2213 84

342 2237 484 2316 κάτη
527 2241 742 2322 ἐγένετο
775 2239 956 2317 ήμέρη
989 2238 1435 2316 πολιορκεομένῳ
1468 2236 1715 2316 Κροίσῳ,
1753 2242 1938 2315 Κῦρος

339 2331 415 2407 τῇ
440 2332 678 2407 στρατιῇ
701 2331 774 2407 τῇ
803 2331 1004 2387 ἑωυτοῦ
1028 2327 1345 2405 διαπέμψας
1371 2326 1569 2390 ἱππέας
1592 2330 1839 2403 προεῖπε,
1859 2331 1939 2406 τῷ

339 2439 538 2495 πρωτω
577 2415 838 2491 ἐπιβάντι
868 2418 968 2475 τοῦ
999 2415 1213 2493 τείχεος
1248 2414 1395 2521 δῶρα
1430 2412 1644 2475 δωσειν·
1700 2414 1843 2493 μετὰ
1874 2415 1937 2476 δὲ

338 2506 522 2585 τοῦτο,
548 2502 958 2580 πειρησαμένης
982 2505 1082 2577 τῆς
1112 2506 1379 2579 στρατιῆς
1408 2502 1481 2566 ὥς
1512 2501 1577 2562 οὖ
1606 2503 1935 2584 προεχώρεε,

340 2580 575 2650 ἐνθαῦτα
599 2594 710 2650 τῶν
734 2589 925 2650 ἄλλων
959 2591 1339 2666 πεπαυμένων,
1338 2590 1503 2703 ἀνὴρ
1540 2590 1820 2669 Μάρδος’
1794 2617 1937 2651 επει-

336 2680 478 2753 ρᾶτο
521 2680 903 2757 προσβαίνων,
954 2682 1031 2756 τῷ
1076 2676 1287 2754 οὔνομα
1330 2677 1401 2753 ἦν
1436 2677 1740 2757 Ὑροιάδης,
1794 2678 1935 2739 κατὰ

333 2767 504 2825 τοῦτο
531 2791 633 2841 της
663 2765 1000 2844 ακροπόλιος
1038 2769 1110 2844 τῇ
1152 2764 1327 2830 οὐδεὶς
1366 2766 1623 2875 ἐτετακτρ
1661 2764 1933 2872 φύλακος·

336 2851 403 2911 οὗ
426 2852 538 2933 γοὶρ
561 2852 634 2928 ἦν
657 2852 836 2913 δεινόν
861 2877 1002 2913 κατα
1025 2856 1195 2913 τοῦτο
1218 2879 1300 2930 μη
1326 2852 1445 2931 άλῶ
1471 2852 1617 2913 κοτέ·
1652 2850 1935 2928 ἀπότομός

331 2964 397 2999 τε
418 2940 532 3020 γάρ
559 2946 684 3001 ἐστι
705 2938 880 3019 ταύτῃ
905 2940 943 3016 ἧ
976 2939 1281 3017 ἀκρόπολις
1316 2941 1409 3000 καὶ
1440 2940 1674 3020 ἄμαχος·
1713 2942 1785 3016 τῇ
1810 2937 1935 2999 οὐδὲ

333 3026 562 3104 Μήλης,
602 3055 638 3089 ο
681 3028 952 3106 πρότερον
1006 3027 1285 3104 βασιλευς
1331 3027 1595 3105 Σαρδίων,
1642 3052 1819 3103 μουνῃ
1865 3026 1933 3086 οὗ

331 3114 641 3190 περιήνεικε
664 3115 764 3176 τᾶν
789 3116 992 3175 λέοντα
1022 3113 1122 3173 τόν
1149 3116 1205 3173 οἱ
1232 3114 1271 3189 ἤ
1300 3113 1569 3187 παλλακὴ
1602 3114 1765 3181 ἔτεκε,
1793 3118 1932 3173 Τελ-

330 3203 604 3278 μησσέων
629 3201 973 3263 δικασάντων
999 3200 1070 3263 ὥς
1094 3199 1556 3277 περιενειχθέντος
1578 3203 1680 3257 τοῦ
1706 3200 1933 3262 λέοντος

329 3287 402 3349 τὰ
437 3290 620 3365 τεῖχος
655 3289 880 3347 ἔσονται
915 3286 1146 3363 Σάρδιες
1181 3283 1478 3344 ἀνάλωτοι.
1556 3283 1591 3344 ὁ
1627 3285 1687 3345 δὲ
1723 3285 1938 3367 Μήλης,
