2250 3500
327 137 548 202 ττι-76]
1006 136 1333 188 amma.
1838 139 1935 188 143

327 215 610 297 λέγοντες·
651 215 716 286 ἐξ
749 213 1025 292 Ἀραβίης
1064 213 1435 292 ὁρμώμενον,
1472 219 1529 279 ἐς
1565 240 1633 276 το
1678 213 1799 292 ἶρον
1836 218 1939 278 τοῦ

327 302 534 364 Ἡλίου
561 303 805 380 κομίζειν
823 327 923 364 τον
939 303 1157 379 πατέρα
1184 306 1243 362 ἐν
1262 301 1484 380 σμύρνῃ
1506 300 1935 378 ἐμπλάσσοντα,

329 391 426 451 καὶ
451 388 736 451 θάπτειν’
709 416 768 450 εν
792 393 894 450 τοῦ
917 389 1121 450 Ἠλίου
1146 393 1225 468 τῷ
1250 392 1365 469 ἱρῷ·
1408 390 1653 467 κομίζειν
1678 390 1737 450 δὲ
1762 389 1930 451 οὕτω·

329 483 568 557 πρῶτον,
593 483 696 555 τῆς
727 478 978 556 σμύρνης
1003 477 1112 538 ὦὸν
1136 476 1425 538 πλάσσειν
1450 475 1591 538 ὅσον
1615 504 1678 541 τε
1705 478 1935 546 δυνατός

328 572 458 628 ἐστι
503 567 716 643 φέρειν·
777 565 922 643 μεταῖ
962 565 1040 636 δὲ,
1085 565 1393 642 πειρᾶσθαι
1446 563 1583 630 αὖτὸ
1630 566 1930 644 φορέοντα·

331 654 503 716 ἐπεσῖν
542 654 604 714 δὲ
642 653 1012 733 ἀποπειρηθῇ,
1033 652 1197 714 ὀὕτω
1237 652 1308 729 δή
1350 651 1689 733 κοιλήναντα
1721 653 1789 713 τὰ
1828 653 1938 716 οἷον

327 743 432 804 τᾶν
459 743 676 820 πατέρα
713 745 770 806 ἐς
803 740 940 802 αὐτὸ
973 741 1260 802 ἐντιθέναι·
1302 740 1525 820 σμύρνῃ
1558 739 1619 800 δὲ
1649 739 1803 820 ἄλλῃ
1842 746 1937 817 ἐμ-

329 829 620 892 πλάσσειν
638 834 804 891 τοῦτο
833 827 949 889 κατ’
970 828 1003 890 ὅ
1021 854 1078 890 τι
1101 832 1204 890 τοῦ
1227 827 1336 889 ὥοῦ
1356 826 1686 910 ἐγκοιλῄνας
1712 829 1936 906 ἐνέθηκε

330 917 432 978 τόν
481 918 716 996 πατέρα·
771 917 1095 994 ἐσκειμένου
1142 916 1203 976 δὲ
1255 918 1355 976 τοῦ
1400 915 1627 993 πατρός,
1673 916 1934 996 γίνεσθαι

331 1004 508 1067 τῶυτό
548 1005 750 1084 βάρος·
790 1003 1163 1082 ἐμπλάσαντα
1202 1003 1263 1063 δὲ
1302 1004 1545 1081 κομίζειν
1582 1029 1681 1081 μιν
1704 994 1805 1063 Ιἐπ’
1836 1007 1933 1066 Αἰ-

330 1092 548 1174 γύπτου
583 1099 640 1158 ἐς
671 1097 774 1154 τοῦ
814 1092 1018 1153 Ἠλίου
1052 1091 1120 1153 τὸ
1160 1090 1297 1171 ἱρόν.
1379 1095 1555 1152 ταῦτα
1597 1094 1702 1168 μὲν
1732 1096 1933 1154 τοῦτον

330 1180 434 1242 τόν
459 1180 612 1259 ὄρνιν
636 1181 876 1262 λέγουσι
899 1181 1127 1241 ποιέειν.

413 1269 549 1328 Εἰσὶ
575 1268 636 1328 δὲ
661 1269 788 1345 περὶ
808 1267 1009 1344 Θήβας
1035 1268 1145 1345 ἱροὶ
1172 1266 1333 1344 ὄφιες
1358 1265 1660 1345 α’νθρῶπων
1681 1265 1933 1346 ούδαμῶς
1948 1272 2025 1330 74

333 1355 662 1432 δηλήμονες·
696 1356 750 1417 οἳ
773 1355 1008 1436 μεγάθεϊ
1033 1354 1217 1419 ἐόντες
1241 1356 1433 1432 μικροὶ
1459 1355 1558 1415 δύο
1585 1355 1746 1432 κε’ρεα
1766 1356 1933 1434 φορέ-

335 1469 468 1503 ουσι
485 1443 775 1520 πεφυκότα
793 1444 857 1514 ἐξ
879 1442 1052 1521 ἄκρης
1075 1446 1177 1519 τῆς
1196 1447 1469 1519 κεφαλῆς·
1500 1442 1630 1507 τούς
1650 1442 1932 1504 θάπτουσι

333 1530 714 1596 ἀποθανόντας
749 1537 806 1593 ἐν
836 1535 914 1610 τῷ
941 1535 1038 1611 ἱρῷ
1060 1534 1162 1591 τοῦ
1189 1529 1345 1594 Διός·
1385 1529 1587 1592 τούτου
1610 1528 1721 1612 γάρ
1749 1536 1934 1607 σφεας

331 1623 432 1680 τοῦ
479 1621 606 1681 θεοῦ
653 1621 802 1697 φασὶ
848 1620 989 1680 εἶναι
1031 1617 1201 1697 ἱρούς.
1279 1618 1453 1680 *Ea-n
1500 1619 1560 1679 δὲ
1604 1623 1786 1699 χῶρος
1830 1622 1932 1697 τῆς
1949 1619 2025 1680 75

331 1705 622 1786 Ἀραβίης,
653 1708 794 1769 κατὰ
817 1711 1066 1770 Βουτοῦν
1089 1706 1261 1770 πόλιν
1284 1705 1541 1786 μάλιστά
1566 1734 1637 1787 κη
1664 1709 1929 1787 κείμενος·

333 1798 425 1856 καὶ
465 1802 523 1861 ἐς
562 1800 730 1857 τοῦτο
769 1822 836 1857 το
877 1796 1082 1875 χωρίον
1119 1795 1317 1873 ἦλθον,
1352 1796 1765 1874 πυνθανόμενος
1802 1796 1932 1874 περὶ

330 1887 440 1944 τῶν
481 1886 772 1960 πτερωτῶν
817 1880 1014 1958 οφίων·
1071 1882 1405 1961 ἀπικόμενος
1453 1884 1513 1945 δὲ
1566 1884 1713 1945 εἶδον
1753 1883 1929 1946 οστέα

332 1970 510 2049 οφίων
538 1972 632 2030 καὶ
660 1968 921 2041 ακάνθας,
948 1971 1158 2047 πλήθεΐ
1186 1997 1290 2050 μεν
1314 1970 1626 2033 άδύνατα’
1590 1965 1929 2053 απήγήσασ·

333 2060 446 2119 θαι·
487 2058 664 2137 σωροὶ
697 2057 824 2118 δὲ’
787 2084 936 2135 ησαν
959 2057 1248 2119 ακανθέων
1274 2058 1368 2117 καὶ
1396 2058 1638 2139 μεγάλοι
1670 2058 1762 2117 καὶ
1793 2058 1930 2118 ύπο·

333 2146 628 2225 δεέστεροι,
651 2147 744 2205 καὶ
770 2146 1080 2209 ἐλάσσονες
1104 2146 1186 2206 ἔτι
1204 2144 1431 2206 τούτων·
1464 2146 1676 2205 πολλοὶ
1701 2144 1761 2203 δὲ
1779 2143 1928 2219 ἦσαν

332 2233 506 2296 οὗτοι.
589 2235 712 2295 ἔστι
758 2234 820 2295 δὲ
863 2233 898 2294 ὅ
941 2236 1124 2313 χῶρος
1170 2230 1332 2295 οὗτος
1378 2236 1439 2293 ἐν
1479 2229 1557 2311 τῷ
1578 2234 1656 2290 ἀἱ
1694 2229 1930 2292 ἄκανθαι

332 2321 738 2401 κατακεχύαται
759 2321 983 2383 τοιόσδε
1007 2346 1109 2384 τις·
1140 2320 1365 2397 ἐσβολὴ
1394 2321 1454 2391 ἐξ
1480 2318 1683 2397 οὐρέων
1699 2323 1930 2382 στεινῶν

331 2416 391 2476 ἐς
435 2411 626 2471 πεδίον
669 2411 835 2492 μέγα·
881 2409 950 2470 τό
997 2410 1058 2470 δὲ
1095 2409 1288 2471 πεδίον
1331 2412 1497 2470 τοῦτο
1542 2408 1813 2471 συνάπτει
1850 2412 1929 2490 τῷ

333 2498 618 2579 Αἰγυπτίῳ
642 2499 830 2579 πεδίῳ·
871 2497 1044 2579 λόγος
1073 2497 1137 2557 δέ
1160 2503 1301 2568 ἐστι,
1329 2496 1447 2583 ἅμα
1476 2500 1553 2577 τῷ
1580 2499 1697 2575 ἔαρι
1722 2524 1927 2576 πτερω-

331 2586 462 2650 τοῦς
491 2584 631 2663 -ὄφις
661 2592 722 2646 ἐκ
753 2590 854 2661 τῆς
883 2584 1160 2662 Ἀραβίης
1197 2586 1470 2647 πέτεσθαι
1508 2584 1593 2645 ἐπ’
1620 2586 1927 2667 Αἰγύπτου·

332 2673 435 2738 ταῖς
465 2674 526 2734 δὲ
553 2675 672 2751 ἶβις
705 2673 806 2737 τοὶς
835 2671 1056 2751 ὄρνιθας
1086 2672 1423 2736 ἀπαντώσας
1450 2678 1505 2737 ἐς
1536 2672 1639 2747 τήν
1667 2672 1927 2750 ἐσβολήν

331 2761 538 2839 ταύτης
559 2766 660 2839 τῆς
683 2762 869 2843 χώρης
894 2761 960 2821 οὗ
983 2762 1241 2840 παριέναι
1266 2761 1395 2824 τοῦς
1420 2760 1567 2838 ὄφις,
1590 2758 1745 2818 ἀλλὰ
1765 2785 1927 2819 κατα-

333 2852 581 2911 κτείνειν·
623 2852 716 2909 καὶ
739 2850 842 2925 τὴν
867 2851 988 2925 ἶβιν
1004 2849 1098 2909 διὰ
1119 2854 1287 2910 τοῦτο
1312 2847 1379 2908 vd
1408 2848 1570 2929 ἔργον
1592 2847 1931 2924 τετιμῆσθαι

332 2939 572 3019 λέγουσι
596 2936 862 3016 Ἀράβιοι
890 2936 1151 3018 μεγάλως
1179 2936 1319 3013 πρὸς
1345 2934 1681 3015 Αἰγυπτίων·
1724 2932 1931 3009 ὁμολο-

331 3028 531 3107 γέουσι
557 3026 617 3086 δὲ
643 3028 736 3085 καὶ
757 3025 1054 3106 Αἰγύπτιοι
1080 3024 1172 3083 διοὶ
1195 3027 1371 3083 ταῦτα
1396 3025 1564 3098 τιμόν
1582 3020 1683 3084 τοίς
1710 3019 1934 3097 ὄρνιθας

332 3114 556 3178 ταύτας.
611 3114 780 3177 Εἶδος
805 3113 864 3172 δὲ
889 3115 990 3187 τῆς
1012 3114 1116 3187 μὲν
1135 3112 1287 3187 ἴβιος
1310 3108 1456 3169 τόδε·
1488 3109 1727 3185 μέλαινα
1748 3108 1932 3171 δεινῶς
1948 3108 2025 3171 76

333 3206 514 3275 πᾶσα,
540 3204 750 3262 σκέλεα
782 3201 842 3260 δὲ
870 3200 1062 3278 φορέει
1084 3197 1339 3281 γεράνου,
1365 3195 1671 3272 πρόσωπον
1696 3196 1757 3255 δὲ
1782 3200 1837 3259 ἐς
1860 3195 1933 3256 τά

333 3288 592 3359 μάλιστα
617 3290 938 3367 ἐπίγρυπον·
977 3286 1225 3367 μέγαθος
1249 3282 1392 3344 ὅσον
1416 3284 1565 3361 κρέξ·
1600 3286 1713 3345 τῶν
1734 3286 1839 3362 μὲν
1862 3282 1933 3359 δὴ
