<?xml version="1.0" encoding="UTF-8"?>
<!DOCTYPE html PUBLIC "-//W3C//DTD XHTML 1.0 Transitional//EN"
    "http://www.w3.org/TR/xhtml1/DTD/xhtml1-transitional.dtd">
<html xmlns="http://www.w3.org/1999/xhtml" xml:lang="en" lang="en">
 <head>
  <title>
</title>
<meta http-equiv="Content-Type" content="text/html;charset=utf-8" />
  <meta name='ocr-system' content='tesseract 3.04.00' />
  <meta name='ocr-capabilities' content='ocr_page ocr_carea ocr_par ocr_line ocrx_word'/>
</head>
<body>
  <div class='ocr_page' id='page_1' title='image "./herodotus04blakgoog_0067.png"; bbox 0 0 2250 3500; ppageno 0'>
   <div class='ocr_carea' id='block_1_1' title="bbox 295 156 1909 1369">
    <p class='ocr_par' dir='ltr' id='par_1_1' title="bbox 295 156 1909 1369">
     <span class='ocr_line' id='line_1_1' title="bbox 299 156 1903 223; baseline -0.002 -14"><span class='ocrx_word' id='word_1_1' title='bbox 299 156 518 223; x_wconf 75' lang='lat'>94—96]</span> <span class='ocrx_word' id='word_1_2' title='bbox 984 157 1211 206; x_wconf 73' lang='lat' dir='ltr'><strong>mmo.</strong></span> <span class='ocrx_word' id='word_1_3' title='bbox 1836 157 1903 206; x_wconf 76' lang='lat'>⁴9</span> 
     </span>
     <span class='ocr_line' id='line_1_2' title="bbox 296 231 1899 315; baseline -0.001 -18"><span class='ocrx_word' id='word_1_4' title='bbox 296 234 670 315; x_wconf 68' lang='grc' dir='ltr'>λαγχανούσῃ</span> <span class='ocrx_word' id='word_1_5' title='bbox 693 237 806 296; x_wconf 76' lang='grc' dir='ltr'>τιῖῖν</span> <span class='ocrx_word' id='word_1_6' title='bbox 829 235 1066 314; x_wconf 81' lang='grc' dir='ltr'>μοιρέων</span> <span class='ocrx_word' id='word_1_7' title='bbox 1093 233 1294 295; x_wconf 80' lang='grc' dir='ltr'>ἐωυτὸν</span> <span class='ocrx_word' id='word_1_8' title='bbox 1315 231 1417 294; x_wconf 73' lang='grc' dir='ltr'>τόν</span> <span class='ocrx_word' id='word_1_9' title='bbox 1439 233 1695 310; x_wconf 86' lang='grc' dir='ltr'>βασιλέα</span> <span class='ocrx_word' id='word_1_10' title='bbox 1720 258 1899 311; x_wconf 86' lang='grc' dir='ltr'>προσ-</span> 
     </span>
     <span class='ocr_line' id='line_1_3' title="bbox 295 321 1901 401; baseline 0 -17"><span class='ocrx_word' id='word_1_11' title='bbox 295 323 552 394; x_wconf 82' lang='grc' dir='ltr'>τάσσειν,</span> <span class='ocrx_word' id='word_1_12' title='bbox 607 324 700 382; x_wconf 79' lang='grc' dir='ltr'>ἐπὶ</span> <span class='ocrx_word' id='word_1_13' title='bbox 751 323 812 382; x_wconf 83' lang='grc' dir='ltr'>δὲ</span> <span class='ocrx_word' id='word_1_14' title='bbox 862 325 936 401; x_wconf 80' lang='grc' dir='ltr'>τῇ</span> <span class='ocrx_word' id='word_1_15' title='bbox 1001 321 1495 401; x_wconf 69' lang='grc' dir='ltr'>ἀπαλλασσομένῃ</span> <span class='ocrx_word' id='word_1_16' title='bbox 1544 321 1647 382; x_wconf 85' lang='grc' dir='ltr'>τόν</span> <span class='ocrx_word' id='word_1_17' title='bbox 1699 325 1901 384; x_wconf 74' lang='grc' dir='ltr'>ἑωυτοῦ</span> 
     </span>
     <span class='ocr_line' id='line_1_4' title="bbox 297 408 1899 489; baseline 0 -17"><span class='ocrx_word' id='word_1_18' title='bbox 297 411 490 484; x_wconf 81' lang='grc' dir='ltr'>παῖδα,</span> <span class='ocrx_word' id='word_1_19' title='bbox 511 415 588 489; x_wconf 79' lang='grc' dir='ltr'>τῷ</span> <span class='ocrx_word' id='word_1_20' title='bbox 615 409 826 488; x_wconf 78' lang='grc' dir='ltr'>οὕνομα</span> <span class='ocrx_word' id='word_1_21' title='bbox 847 410 986 470; x_wconf 82' lang='grc' dir='ltr'>εἶναι</span> <span class='ocrx_word' id='word_1_22' title='bbox 1002 408 1313 486; x_wconf 76' lang='grc' dir='ltr'>Τυρσηνόν·</span> <span class='ocrx_word' id='word_1_23' title='bbox 1340 408 1621 488; x_wconf 81' lang='grc' dir='ltr'>λαχόντας</span> <span class='ocrx_word' id='word_1_24' title='bbox 1640 411 1699 470; x_wconf 76' lang='grc' dir='ltr'>δὲ</span> <span class='ocrx_word' id='word_1_25' title='bbox 1718 410 1899 472; x_wconf 80' lang='grc' dir='ltr'>αύτῶν</span> 
     </span>
     <span class='ocr_line' id='line_1_5' title="bbox 298 495 1905 577; baseline -0.001 -16"><span class='ocrx_word' id='word_1_26' title='bbox 298 500 432 563; x_wconf 77' lang='grc' dir='ltr'>τούς</span> <span class='ocrx_word' id='word_1_27' title='bbox 476 499 694 577; x_wconf 85' lang='grc' dir='ltr'>ἐτέρους</span> <span class='ocrx_word' id='word_1_28' title='bbox 739 499 940 569; x_wconf 75' lang='grc' dir='ltr'>ἐξιέναι</span> <span class='ocrx_word' id='word_1_29' title='bbox 981 503 1044 557; x_wconf 88' lang='grc' dir='ltr'>ἐκ</span> <span class='ocrx_word' id='word_1_30' title='bbox 1089 500 1193 573; x_wconf 80' lang='grc' dir='ltr'>τῆς</span> <span class='ocrx_word' id='word_1_31' title='bbox 1237 495 1437 576; x_wconf 73' lang='grc' dir='ltr'>χώρης,</span> <span class='ocrx_word' id='word_1_32' title='bbox 1486 500 1801 574; x_wconf 81' lang='grc' dir='ltr'>καταβῆναι</span> <span class='ocrx_word' id='word_1_33' title='bbox 1848 505 1905 565; x_wconf 80' lang='grc' dir='ltr'>ἐς</span> 
     </span>
     <span class='ocr_line' id='line_1_6' title="bbox 304 583 1907 665; baseline 0.001 -19"><span class='ocrx_word' id='word_1_34' title='bbox 304 587 566 665; x_wconf 80' lang='grc' dir='ltr'>Σμύρνην</span> <span class='ocrx_word' id='word_1_35' title='bbox 590 587 683 646; x_wconf 80' lang='grc' dir='ltr'>καὶ</span> <span class='ocrx_word' id='word_1_36' title='bbox 708 585 1155 665; x_wconf 81' lang='grc' dir='ltr'>μηχανήσασθαι</span> <span class='ocrx_word' id='word_1_37' title='bbox 1179 587 1373 654; x_wconf 84' lang='grc' dir='ltr'>πλοῖα,</span> <span class='ocrx_word' id='word_1_38' title='bbox 1402 589 1457 648; x_wconf 87' lang='grc' dir='ltr'>ἐς</span> <span class='ocrx_word' id='word_1_39' title='bbox 1479 583 1551 644; x_wconf 82' lang='grc' dir='ltr'>τοὶ</span> <span class='ocrx_word' id='word_1_40' title='bbox 1576 586 1907 663; x_wconf 75' lang='grc' dir='ltr'>ἐσθεμένους</span> 
     </span>
     <span class='ocr_line' id='line_1_7' title="bbox 303 671 1908 752; baseline 0.001 -17"><span class='ocrx_word' id='word_1_41' title='bbox 303 675 376 735; x_wconf 71' lang='grc' dir='ltr'>τὰ</span> <span class='ocrx_word' id='word_1_42' title='bbox 417 674 604 735; x_wconf 80' lang='grc' dir='ltr'>πάντα</span> <span class='ocrx_word' id='word_1_43' title='bbox 641 673 756 735; x_wconf 82' lang='grc' dir='ltr'>ὅσα</span> <span class='ocrx_word' id='word_1_44' title='bbox 789 679 904 750; x_wconf 86' lang='grc' dir='ltr'>σφι</span> <span class='ocrx_word' id='word_1_45' title='bbox 939 673 1011 749; x_wconf 87' lang='grc' dir='ltr'>ἦν</span> <span class='ocrx_word' id='word_1_46' title='bbox 1047 671 1275 752; x_wconf 68' lang='grc' dir='ltr'>χρησταῖ</span> <span class='ocrx_word' id='word_1_47' title='bbox 1313 671 1576 742; x_wconf 76' lang='grc' dir='ltr'>ἐπίπλοα,</span> <span class='ocrx_word' id='word_1_48' title='bbox 1604 671 1908 737; x_wconf 71' lang='grc' dir='ltr'>ἀποπλέειν</span> 
     </span>
     <span class='ocr_line' id='line_1_8' title="bbox 307 759 1905 842; baseline 0.001 -19"><span class='ocrx_word' id='word_1_49' title='bbox 307 763 450 824; x_wconf 82' lang='grc' dir='ltr'>κατοὶ</span> <span class='ocrx_word' id='word_1_50' title='bbox 489 763 626 838; x_wconf 87' lang='grc' dir='ltr'>βίου</span> <span class='ocrx_word' id='word_1_51' title='bbox 665 787 730 823; x_wconf 89' lang='grc' dir='ltr'>τε</span> <span class='ocrx_word' id='word_1_52' title='bbox 769 763 863 822; x_wconf 78' lang='grc' dir='ltr'>καὶ</span> <span class='ocrx_word' id='word_1_53' title='bbox 902 765 1008 842; x_wconf 71' lang='grc' dir='ltr'>γῆς</span> <span class='ocrx_word' id='word_1_54' title='bbox 1047 760 1301 838; x_wconf 80' lang='grc' dir='ltr'>ζήτησιν·</span> <span class='ocrx_word' id='word_1_55' title='bbox 1344 765 1401 824; x_wconf 86' lang='grc' dir='ltr'>ἐς</span> <span class='ocrx_word' id='word_1_56' title='bbox 1441 759 1477 822; x_wconf 78' lang='grc' dir='ltr'>ὃ</span> <span class='ocrx_word' id='word_1_57' title='bbox 1518 761 1677 822; x_wconf 77' lang='grc' dir='ltr'>ἔθνεα</span> <span class='ocrx_word' id='word_1_58' title='bbox 1710 763 1905 824; x_wconf 66' lang='grc' dir='ltr'>πολλὰ</span> 
     </span>
     <span class='ocr_line' id='line_1_9' title="bbox 305 847 1909 930; baseline 0.002 -21"><span class='ocrx_word' id='word_1_59' title='bbox 305 849 834 930; x_wconf 85' lang='grc' dir='ltr'>παραμειψαμένους</span> <span class='ocrx_word' id='word_1_60' title='bbox 885 849 1187 910; x_wconf 71' lang='grc' dir='ltr'>ἀπικέσθαι</span> <span class='ocrx_word' id='word_1_61' title='bbox 1238 854 1295 914; x_wconf 85' lang='grc' dir='ltr'>ἐς</span> <span class='ocrx_word' id='word_1_62' title='bbox 1345 847 1711 927; x_wconf 85' lang='grc' dir='ltr'>Ὀμβρικούς·</span> <span class='ocrx_word' id='word_1_63' title='bbox 1778 851 1909 912; x_wconf 80' lang='grc' dir='ltr'>ἔνθα</span> 
     </span>
     <span class='ocr_line' id='line_1_10' title="bbox 307 935 1909 1020; baseline 0.001 -22"><span class='ocrx_word' id='word_1_64' title='bbox 307 940 494 1014; x_wconf 85' lang='grc' dir='ltr'>σφέας</span> <span class='ocrx_word' id='word_1_65' title='bbox 546 937 946 1015; x_wconf 77' lang='grc' dir='ltr'>ἐνιδρύσασθαι</span> <span class='ocrx_word' id='word_1_66' title='bbox 989 935 1195 1002; x_wconf 83' lang='grc' dir='ltr'>πόλιας</span> <span class='ocrx_word' id='word_1_67' title='bbox 1242 937 1335 998; x_wconf 84' lang='grc' dir='ltr'>καὶ</span> <span class='ocrx_word' id='word_1_68' title='bbox 1390 937 1585 998; x_wconf 80' lang='grc' dir='ltr'>οἰκέειν</span> <span class='ocrx_word' id='word_1_69' title='bbox 1629 937 1697 998; x_wconf 82' lang='grc' dir='ltr'><strong><em>τό</em></strong></span> <span class='ocrx_word' id='word_1_70' title='bbox 1738 939 1909 1020; x_wconf 86' lang='grc' dir='ltr'>με’χρι</span> 
     </span>
     <span class='ocr_line' id='line_1_11' title="bbox 308 1023 1909 1102; baseline 0.001 -16"><span class='ocrx_word' id='word_1_71' title='bbox 308 1026 490 1086; x_wconf 84' lang='grc' dir='ltr'>τοῦδε·</span> <span class='ocrx_word' id='word_1_72' title='bbox 517 1025 639 1086; x_wconf 70' lang='grc' dir='ltr'>ἀντὶ</span> <span class='ocrx_word' id='word_1_73' title='bbox 658 1025 718 1085; x_wconf 80' lang='grc' dir='ltr'>δὲ</span> <span class='ocrx_word' id='word_1_74' title='bbox 742 1025 940 1086; x_wconf 77' lang='grc' dir='ltr'>Λυδῶν</span> <span class='ocrx_word' id='word_1_75' title='bbox 962 1026 1453 1102; x_wconf 79' lang='grc' dir='ltr'>μετονομασθῆναι</span> <span class='ocrx_word' id='word_1_76' title='bbox 1474 1023 1672 1089; x_wconf 77' lang='grc' dir='ltr'>αύτοῦς</span> <span class='ocrx_word' id='word_1_77' title='bbox 1697 1027 1789 1086; x_wconf 82' lang='grc' dir='ltr'>ε’πὶ</span> <span class='ocrx_word' id='word_1_78' title='bbox 1807 1032 1909 1088; x_wconf 78' lang='grc' dir='ltr'>τοῦ</span> 
     </span>
     <span class='ocr_line' id='line_1_12' title="bbox 309 1111 1909 1194; baseline 0.002 -21"><span class='ocrx_word' id='word_1_79' title='bbox 309 1115 590 1190; x_wconf 81' lang='grc' dir='ltr'>βασιλέος</span> <span class='ocrx_word' id='word_1_80' title='bbox 623 1117 726 1175; x_wconf 81' lang='grc' dir='ltr'>τοῦ</span> <span class='ocrx_word' id='word_1_81' title='bbox 749 1113 950 1177; x_wconf 76' lang='grc' dir='ltr'>παιδός</span> <span class='ocrx_word' id='word_1_82' title='bbox 983 1111 1046 1177; x_wconf 81' lang='grc' dir='ltr'>ὅς</span> <span class='ocrx_word' id='word_1_83' title='bbox 1081 1118 1269 1189; x_wconf 87' lang='grc' dir='ltr'>σφεας</span> <span class='ocrx_word' id='word_1_84' title='bbox 1292 1112 1555 1194; x_wconf 72' lang='grc' dir='ltr'>ἀνήγαγε,</span> <span class='ocrx_word' id='word_1_85' title='bbox 1585 1115 1677 1174; x_wconf 76' lang='grc' dir='ltr'>ἐπὶ</span> <span class='ocrx_word' id='word_1_86' title='bbox 1708 1114 1909 1177; x_wconf 84' lang='grc' dir='ltr'>τούτου</span> 
     </span>
     <span class='ocr_line' id='line_1_13' title="bbox 309 1200 1909 1280; baseline 0.002 -19"><span class='ocrx_word' id='word_1_87' title='bbox 309 1200 417 1276; x_wconf 75' lang='grc' dir='ltr'>τήν</span> <span class='ocrx_word' id='word_1_88' title='bbox 443 1201 752 1279; x_wconf 79' lang='grc' dir='ltr'>ἐπωνυμίην</span> <span class='ocrx_word' id='word_1_89' title='bbox 776 1201 1135 1277; x_wconf 76' lang='grc' dir='ltr'>ποιευμένους</span> <span class='ocrx_word' id='word_1_90' title='bbox 1160 1200 1545 1278; x_wconf 83' lang='grc' dir='ltr'>ὀνομασθῆναι</span> <span class='ocrx_word' id='word_1_91' title='bbox 1569 1203 1909 1280; x_wconf 76' lang='grc' dir='ltr'>Τυρσηνούς.</span> 
     </span>
     <span class='ocr_line' id='line_1_14' title="bbox 311 1287 1523 1369; baseline 0 -21"><span class='ocrx_word' id='word_1_92' title='bbox 311 1290 488 1349; x_wconf 78' lang='grc' dir='ltr'>’Λυδοὶ</span> <span class='ocrx_word' id='word_1_93' title='bbox 513 1292 616 1366; x_wconf 71' lang='grc' dir='ltr'>μὲν</span> <span class='ocrx_word' id='word_1_94' title='bbox 640 1289 708 1366; x_wconf 75' lang='grc' dir='ltr'>δὴ</span> <span class='ocrx_word' id='word_1_95' title='bbox 731 1289 842 1350; x_wconf 56' lang='lat' dir='ltr'>ivd</span> <span class='ocrx_word' id='word_1_96' title='bbox 869 1287 1136 1369; x_wconf 82' lang='grc' dir='ltr'>Πέρσῃσι</span> <span class='ocrx_word' id='word_1_97' title='bbox 1166 1289 1523 1350; x_wconf 84' lang='grc' dir='ltr'>δεδούλωντο.</span> 
     </span>
    </p>
   </div>
   <div class='ocr_carea' id='block_1_2' title="bbox 395 1376 2005 1460">
    <p class='ocr_par' dir='ltr' id='par_1_2' title="bbox 395 1376 2005 1460">
     <span class='ocr_line' id='line_1_15' title="bbox 395 1376 2005 1460; baseline 0.004 -24.068"><span class='ocrx_word' id='word_1_98' title='bbox 395 1376 740 1454; x_wconf 81' lang='grc' dir='ltr'>Ἐπιὸίζηται</span> <span class='ocrx_word' id='word_1_99' title='bbox 764 1379 824 1438; x_wconf 83' lang='grc' dir='ltr'>δὲ</span> <span class='ocrx_word' id='word_1_100' title='bbox 849 1377 916 1454; x_wconf 72' lang='grc' dir='ltr'>δὴ</span> <span class='ocrx_word' id='word_1_101' title='bbox 945 1378 1010 1437; x_wconf 81' lang='grc' dir='ltr'><em>τό</em></span> <span class='ocrx_word' id='word_1_102' title='bbox 1037 1376 1348 1438; x_wconf 68' lang='grc' dir='ltr'>ἐνθεῦτενε</span> <span class='ocrx_word' id='word_1_103' title='bbox 1309 1381 1447 1454; x_wconf 80' lang='grc' dir='ltr'>ημῖν</span> <span class='ocrx_word' id='word_1_104' title='bbox 1471 1377 1503 1437; x_wconf 84' lang='grc' dir='ltr'>ό</span> <span class='ocrx_word' id='word_1_105' title='bbox 1530 1377 1702 1460; x_wconf 81' lang='grc' dir='ltr'>λόγος</span> <span class='ocrx_word' id='word_1_106' title='bbox 1726 1378 1825 1441; x_wconf 89' lang='grc' dir='ltr'>τόν</span> <span class='ocrx_word' id='word_1_107' title='bbox 1848 1405 1910 1440; x_wconf 90' lang='grc' dir='ltr'>τε</span> <span class='ocrx_word' id='word_1_108' title='bbox 1927 1381 2005 1442; x_wconf 88' lang='grc'>95</span> 
     </span>
    </p>
   </div>
   <div class='ocr_carea' id='block_1_3' title="bbox 229 1463 1927 2598">
    <p class='ocr_par' dir='ltr' id='par_1_3' title="bbox 229 1463 1927 2598">
     <span class='ocr_line' id='line_1_16' title="bbox 318 1463 1915 1544; baseline 0 -18"><span class='ocrx_word' id='word_1_109' title='bbox 318 1463 578 1542; x_wconf 72' lang='lat' dir='ltr'><strong><em>Kvpov‘</em></strong></span> <span class='ocrx_word' id='word_1_110' title='bbox 547 1490 704 1530; x_wconf 90' lang='grc' dir='ltr'>οστις</span> <span class='ocrx_word' id='word_1_111' title='bbox 744 1465 844 1528; x_wconf 80' lang='grc' dir='ltr'>ἐων</span> <span class='ocrx_word' id='word_1_112' title='bbox 873 1465 978 1542; x_wconf 72' lang='grc' dir='ltr'>τὴν</span> <span class='ocrx_word' id='word_1_113' title='bbox 1018 1464 1277 1544; x_wconf 78' lang='grc' dir='ltr'>Κροίσου</span> <span class='ocrx_word' id='word_1_114' title='bbox 1316 1463 1499 1544; x_wconf 86' lang='grc' dir='ltr'>α’ρχην</span> <span class='ocrx_word' id='word_1_115' title='bbox 1540 1470 1777 1537; x_wconf 81' lang='grc' dir='ltr'>κατεῖλε,</span> <span class='ocrx_word' id='word_1_116' title='bbox 1823 1467 1915 1526; x_wconf 83' lang='grc' dir='ltr'>καὶ</span> 
     </span>
     <span class='ocr_line' id='line_1_17' title="bbox 313 1550 1917 1633; baseline -0.001 -19"><span class='ocrx_word' id='word_1_117' title='bbox 313 1579 450 1616; x_wconf 89' lang='grc' dir='ltr'>τους</span> <span class='ocrx_word' id='word_1_118' title='bbox 474 1551 762 1629; x_wconf 80' lang='grc' dir='ltr'>Πέρσας</span> <span class='ocrx_word' id='word_1_119' title='bbox 729 1579 866 1614; x_wconf 90' lang='grc' dir='ltr'>οτεω</span> <span class='ocrx_word' id='word_1_120' title='bbox 890 1552 1080 1633; x_wconf 87' lang='grc' dir='ltr'>τρόπω</span> <span class='ocrx_word' id='word_1_121' title='bbox 1103 1550 1397 1633; x_wconf 79' lang='grc' dir='ltr'>ηγήσαντο</span> <span class='ocrx_word' id='word_1_122' title='bbox 1420 1555 1523 1628; x_wconf 77' lang='grc' dir='ltr'>τῆς</span> <span class='ocrx_word' id='word_1_123' title='bbox 1546 1551 1763 1630; x_wconf 84' lang='grc' dir='ltr'>Ἀσίης.</span> <span class='ocrx_word' id='word_1_124' title='bbox 1846 1581 1917 1620; x_wconf 85' lang='grc' dir='ltr'>ως</span> 
     </span>
     <span class='ocr_line' id='line_1_18' title="bbox 317 1639 1917 1721; baseline 0.003 -21"><span class='ocrx_word' id='word_1_125' title='bbox 317 1639 394 1700; x_wconf 77' lang='grc' dir='ltr'>ὧν</span> <span class='ocrx_word' id='word_1_126' title='bbox 420 1641 690 1718; x_wconf 89' lang='grc' dir='ltr'>Περσέων</span> <span class='ocrx_word' id='word_1_127' title='bbox 720 1641 1064 1718; x_wconf 77' lang='grc' dir='ltr'>μετεξέτεροι</span> <span class='ocrx_word' id='word_1_128' title='bbox 1092 1641 1347 1721; x_wconf 89' lang='grc' dir='ltr'>λέγουσι,</span> <span class='ocrx_word' id='word_1_129' title='bbox 1374 1642 1431 1700; x_wconf 79' lang='grc' dir='ltr'>οἶ</span> <span class='ocrx_word' id='word_1_130' title='bbox 1462 1640 1543 1719; x_wconf 84' lang='grc' dir='ltr'>μή</span> <span class='ocrx_word' id='word_1_131' title='bbox 1574 1641 1917 1719; x_wconf 85' lang='grc' dir='ltr'>βουλόμενοι</span> 
     </span>
     <span class='ocr_line' id='line_1_19' title="bbox 318 1726 1917 1815; baseline 0.003 -26"><span class='ocrx_word' id='word_1_132' title='bbox 318 1732 562 1807; x_wconf 80' lang='grc' dir='ltr'>σεμνοῦν</span> <span class='ocrx_word' id='word_1_133' title='bbox 585 1728 656 1790; x_wconf 68' lang='grc' dir='ltr'>τσῖ</span> <span class='ocrx_word' id='word_1_134' title='bbox 675 1729 804 1808; x_wconf 84' lang='grc' dir='ltr'>περὶ</span> <span class='ocrx_word' id='word_1_135' title='bbox 830 1733 1022 1806; x_wconf 80' lang='grc' dir='ltr'>Κῦρον</span> <span class='ocrx_word' id='word_1_136' title='bbox 1040 1726 1197 1790; x_wconf 60' lang='lat' dir='ltr'>md</span> <span class='ocrx_word' id='word_1_137' title='bbox 1220 1728 1319 1790; x_wconf 78' lang='grc' dir='ltr'>τᾶν</span> <span class='ocrx_word' id='word_1_138' title='bbox 1340 1727 1501 1790; x_wconf 81' lang='grc' dir='ltr'>ε’όντα</span> <span class='ocrx_word' id='word_1_139' title='bbox 1520 1729 1706 1813; x_wconf 88' lang='grc' dir='ltr'>λέγειν</span> <span class='ocrx_word' id='word_1_140' title='bbox 1724 1731 1917 1815; x_wconf 89' lang='grc' dir='ltr'>λόγον,</span> 
     </span>
     <span class='ocr_line' id='line_1_20' title="bbox 320 1816 1917 1899; baseline 0.004 -24"><span class='ocrx_word' id='word_1_141' title='bbox 320 1816 460 1877; x_wconf 71' lang='grc' dir='ltr'>κατὰ</span> <span class='ocrx_word' id='word_1_142' title='bbox 485 1821 662 1878; x_wconf 81' lang='grc' dir='ltr'>ταῦτα</span> <span class='ocrx_word' id='word_1_143' title='bbox 683 1816 902 1899; x_wconf 76' lang='grc' dir='ltr'>γράψω,</span> <span class='ocrx_word' id='word_1_144' title='bbox 931 1816 1299 1895; x_wconf 80' lang='grc' dir='ltr'>ἐπιστάμενος</span> <span class='ocrx_word' id='word_1_145' title='bbox 1322 1818 1450 1896; x_wconf 85' lang='grc' dir='ltr'>περὶ</span> <span class='ocrx_word' id='word_1_146' title='bbox 1478 1817 1667 1895; x_wconf 87' lang='grc' dir='ltr'>Κύρου</span> <span class='ocrx_word' id='word_1_147' title='bbox 1688 1821 1780 1879; x_wconf 83' lang='grc' dir='ltr'>καὶ</span> <span class='ocrx_word' id='word_1_148' title='bbox 1804 1846 1917 1899; x_wconf 86' lang='grc' dir='ltr'>τρι-</span> 
     </span>
     <span class='ocr_line' id='line_1_21' title="bbox 320 1904 1919 1988; baseline 0.003 -24"><span class='ocrx_word' id='word_1_149' title='bbox 320 1906 536 1980; x_wconf 85' lang='grc' dir='ltr'>φασίας</span> <span class='ocrx_word' id='word_1_150' title='bbox 551 1904 733 1969; x_wconf 75' lang='grc' dir='ltr'>ἄλλας</span> <span class='ocrx_word' id='word_1_151' title='bbox 752 1904 938 1985; x_wconf 87' lang='grc' dir='ltr'>λόγων</span> <span class='ocrx_word' id='word_1_152' title='bbox 957 1904 1116 1969; x_wconf 74' lang='grc' dir='ltr'>ὄδοῦς</span> <span class='ocrx_word' id='word_1_153' title='bbox 1139 1910 1331 1982; x_wconf 86' lang='grc' dir='ltr'>φῆναι.</span> <span class='ocrx_word' id='word_1_154' title='bbox 1388 1906 1705 1984; x_wconf 84' lang='grc' dir='ltr'>Ἀσσυρίων</span> <span class='ocrx_word' id='word_1_155' title='bbox 1721 1907 1919 1988; x_wconf 73' lang='grc' dir='ltr'>σῖρχόν-</span> 
     </span>
     <span class='ocr_line' id='line_1_22' title="bbox 318 1992 1919 2070; baseline 0.002 -19"><span class='ocrx_word' id='word_1_156' title='bbox 318 2017 426 2054; x_wconf 90' lang='grc' dir='ltr'>των</span> <span class='ocrx_word' id='word_1_157' title='bbox 450 1997 553 2070; x_wconf 79' lang='grc' dir='ltr'>τῆς</span> <span class='ocrx_word' id='word_1_158' title='bbox 577 1992 690 2054; x_wconf 79' lang='grc' dir='ltr'>ἅνω</span> <span class='ocrx_word' id='word_1_159' title='bbox 720 1992 922 2069; x_wconf 81' lang='grc' dir='ltr'>Ἀσίης</span> <span class='ocrx_word' id='word_1_160' title='bbox 954 1992 1038 2054; x_wconf 81' lang='grc' dir='ltr'>ἐπ’</span> <span class='ocrx_word' id='word_1_161' title='bbox 1065 1994 1189 2054; x_wconf 85' lang='grc' dir='ltr'>ἔτεα</span> <span class='ocrx_word' id='word_1_162' title='bbox 1223 1994 1403 2054; x_wconf 84' lang='grc' dir='ltr'>εἴκοσι</span> <span class='ocrx_word' id='word_1_163' title='bbox 1436 1995 1527 2053; x_wconf 85' lang='grc' dir='ltr'>καὶ</span> <span class='ocrx_word' id='word_1_164' title='bbox 1562 1995 1919 2065; x_wconf 88' lang='grc' dir='ltr'>πεντακόσια,</span> 
     </span>
     <span class='ocr_line' id='line_1_23' title="bbox 229 2079 1921 2159; baseline 0.002 -21"><span class='ocrx_word' id='word_1_165' title='bbox 229 2090 236 2095; x_wconf 89' lang='grc'><em>“</em></span> <span class='ocrx_word' id='word_1_166' title='bbox 319 2084 531 2157; x_wconf 70' lang='grc' dir='ltr'>πρῶτοι</span> <span class='ocrx_word' id='word_1_167' title='bbox 565 2079 660 2139; x_wconf 76' lang='grc' dir='ltr'>ἀπ’</span> <span class='ocrx_word' id='word_1_168' title='bbox 697 2081 879 2142; x_wconf 74' lang='grc' dir='ltr'>αὐτῶν</span> <span class='ocrx_word' id='word_1_169' title='bbox 913 2082 1104 2157; x_wconf 81' lang='grc' dir='ltr'>Μῆδοι</span> <span class='ocrx_word' id='word_1_170' title='bbox 1139 2080 1377 2159; x_wconf 78' lang='grc' dir='ltr'>ἤρξαντο</span> <span class='ocrx_word' id='word_1_171' title='bbox 1414 2080 1787 2141; x_wconf 73' lang='grc' dir='ltr'>ἀπίστασθαι·</span> <span class='ocrx_word' id='word_1_172' title='bbox 1830 2107 1921 2141; x_wconf 89' lang='grc' dir='ltr'>και</span> 
     </span>
     <span class='ocr_line' id='line_1_24' title="bbox 323 2166 1925 2247; baseline 0.001 -20"><span class='ocrx_word' id='word_1_173' title='bbox 323 2194 430 2232; x_wconf 88' lang='grc' dir='ltr'>κως</span> <span class='ocrx_word' id='word_1_174' title='bbox 470 2166 624 2229; x_wconf 80' lang='grc' dir='ltr'>οὗτοι</span> <span class='ocrx_word' id='word_1_175' title='bbox 665 2170 794 2247; x_wconf 80' lang='grc' dir='ltr'>περὶ</span> <span class='ocrx_word' id='word_1_176' title='bbox 837 2173 940 2245; x_wconf 86' lang='grc' dir='ltr'>τῆς</span> <span class='ocrx_word' id='word_1_177' title='bbox 982 2168 1295 2245; x_wconf 83' lang='grc' dir='ltr'>ἐλευθερίης</span> <span class='ocrx_word' id='word_1_178' title='bbox 1338 2166 1725 2247; x_wconf 78' lang='grc' dir='ltr'>μαχεσάμενοι</span> <span class='ocrx_word' id='word_1_179' title='bbox 1770 2170 1925 2229; x_wconf 83' lang='grc' dir='ltr'>τοῖσι</span> 
     </span>
     <span class='ocr_line' id='line_1_25' title="bbox 320 2252 1923 2339; baseline -0.001 -22.989"><span class='ocrx_word' id='word_1_180' title='bbox 320 2254 749 2334; x_wconf 78' lang='grc' dir='ltr'>Ἀσσ-υρίοισι,’</span> <span class='ocrx_word' id='word_1_181' title='bbox 721 2258 974 2339; x_wconf 84' lang='grc' dir='ltr'>εγένοντο</span> <span class='ocrx_word' id='word_1_182' title='bbox 995 2253 1187 2333; x_wconf 74' lang='grc' dir='ltr'>ἄνδρες</span> <span class='ocrx_word' id='word_1_183' title='bbox 1205 2253 1426 2335; x_wconf 84' lang='grc' dir='ltr'>α’,γαθοί-</span> <span class='ocrx_word' id='word_1_184' title='bbox 1455 2255 1545 2313; x_wconf 88' lang='grc' dir='ltr'>καὶ</span> <span class='ocrx_word' id='word_1_185' title='bbox 1562 2252 1923 2331; x_wconf 76' lang='grc' dir='ltr'>ἀπωσάμενοι</span> 
     </span>
     <span class='ocr_line' id='line_1_26' title="bbox 321 2342 1922 2422; baseline 0.001 -18"><span class='ocrx_word' id='word_1_186' title='bbox 321 2344 426 2421; x_wconf 79' lang='grc' dir='ltr'>τήν</span> <span class='ocrx_word' id='word_1_187' title='bbox 458 2344 820 2422; x_wconf 82' lang='grc' dir='ltr'>δουλοσύνην,</span> <span class='ocrx_word' id='word_1_188' title='bbox 845 2342 1329 2420; x_wconf 81' lang='grc' dir='ltr'>ἠλευθερώθησαν.</span> <span class='ocrx_word' id='word_1_189' title='bbox 1410 2368 1553 2420; x_wconf 87' lang='grc' dir='ltr'>μετα</span> <span class='ocrx_word' id='word_1_190' title='bbox 1588 2342 1647 2401; x_wconf 80' lang='grc' dir='ltr'>δὲ</span> <span class='ocrx_word' id='word_1_191' title='bbox 1676 2342 1922 2417; x_wconf 89' lang='grc' dir='ltr'>τούτους,</span> 
     </span>
     <span class='ocr_line' id='line_1_27' title="bbox 325 2430 1924 2509; baseline 0.002 -18"><span class='ocrx_word' id='word_1_192' title='bbox 325 2433 419 2491; x_wconf 79' lang='grc' dir='ltr'>καὶ</span> <span class='ocrx_word' id='word_1_193' title='bbox 463 2458 537 2492; x_wconf 90' lang='grc' dir='ltr'>τα</span> <span class='ocrx_word' id='word_1_194' title='bbox 583 2431 738 2492; x_wconf 81' lang='grc' dir='ltr'>ἅλλα</span> <span class='ocrx_word' id='word_1_195' title='bbox 791 2433 949 2493; x_wconf 79' lang='grc' dir='ltr'>ἔθνεα</span> <span class='ocrx_word' id='word_1_196' title='bbox 995 2433 1176 2492; x_wconf 86' lang='grc' dir='ltr'>ἐποίεε</span> <span class='ocrx_word' id='word_1_197' title='bbox 1219 2430 1395 2492; x_wconf 81' lang='grc' dir='ltr'>τωυτὸ</span> <span class='ocrx_word' id='word_1_198' title='bbox 1446 2434 1599 2492; x_wconf 80' lang='grc' dir='ltr'>τοῖσι</span> <span class='ocrx_word' id='word_1_199' title='bbox 1651 2432 1924 2509; x_wconf 83' lang='grc' dir='ltr'>Μήδοισι.</span> 
     </span>
     <span class='ocr_line' id='line_1_28' title="bbox 326 2518 1927 2598; baseline 0.001 -19"><span class='ocrx_word' id='word_1_200' title='bbox 326 2520 527 2582; x_wconf 87' lang='grc' dir='ltr'>ἐόντων</span> <span class='ocrx_word' id='word_1_201' title='bbox 561 2520 622 2579; x_wconf 77' lang='grc' dir='ltr'>δὲ</span> <span class='ocrx_word' id='word_1_202' title='bbox 653 2520 970 2597; x_wconf 78' lang='grc' dir='ltr'>αὐτονόμων</span> <span class='ocrx_word' id='word_1_203' title='bbox 1008 2519 1229 2580; x_wconf 78' lang='grc' dir='ltr'>πάντων</span> <span class='ocrx_word' id='word_1_204' title='bbox 1266 2518 1373 2579; x_wconf 90' lang='grc' dir='ltr'>α’να</span> <span class='ocrx_word' id='word_1_205' title='bbox 1410 2518 1516 2595; x_wconf 80' lang='grc' dir='ltr'>τήν</span> <span class='ocrx_word' id='word_1_206' title='bbox 1553 2519 1783 2598; x_wconf 85' lang='grc' dir='ltr'>ἤπειρον</span> <span class='ocrx_word' id='word_1_207' title='bbox 1822 2520 1927 2581; x_wconf 82' lang='grc' dir='ltr'>ὦδε</span> 
     </span>
    </p>
   </div>
   <div class='ocr_carea' id='block_1_4' title="bbox 326 2606 2021 2686">
    <p class='ocr_par' dir='ltr' id='par_1_4' title="bbox 326 2606 2021 2686">
     <span class='ocr_line' id='line_1_29' title="bbox 326 2606 2021 2686; baseline 0.002 -20"><span class='ocrx_word' id='word_1_208' title='bbox 326 2606 481 2671; x_wconf 74' lang='grc' dir='ltr'>αὖτις</span> <span class='ocrx_word' id='word_1_209' title='bbox 507 2614 563 2672; x_wconf 92' lang='grc' dir='ltr'>ἐς</span> <span class='ocrx_word' id='word_1_210' title='bbox 592 2608 915 2685; x_wconf 82' lang='grc' dir='ltr'>τυραννίδας</span> <span class='ocrx_word' id='word_1_211' title='bbox 945 2609 1271 2686; x_wconf 86' lang='grc' dir='ltr'>περιῆλθον·</span> <span class='ocrx_word' id='word_1_212' title='bbox 1310 2606 1482 2686; x_wconf 78' lang='grc' dir='ltr'>Ἀνήρ</span> <span class='ocrx_word' id='word_1_213' title='bbox 1517 2614 1575 2669; x_wconf 87' lang='grc' dir='ltr'>ἐν</span> <span class='ocrx_word' id='word_1_214' title='bbox 1608 2611 1762 2669; x_wconf 69' lang='grc' dir='ltr'>τοῖσι</span> <span class='ocrx_word' id='word_1_215' title='bbox 1798 2610 1925 2686; x_wconf 85' lang='grc' dir='ltr'>Μή·</span> <span class='ocrx_word' id='word_1_216' title='bbox 1944 2610 2021 2670; x_wconf 85' lang='grc'>96</span> 
     </span>
    </p>
   </div>
   <div class='ocr_carea' id='block_1_5' title="bbox 325 2694 1927 2776">
    <p class='ocr_par' dir='ltr' id='par_1_5' title="bbox 325 2694 1927 2776">
     <span class='ocr_line' id='line_1_30' title="bbox 325 2694 1927 2776; baseline 0.001 -21"><span class='ocrx_word' id='word_1_217' title='bbox 325 2695 479 2755; x_wconf 85' lang='grc' dir='ltr'>δοισι</span> <span class='ocrx_word' id='word_1_218' title='bbox 510 2697 728 2776; x_wconf 81' lang='grc' dir='ltr'>ἐγένετο</span> <span class='ocrx_word' id='word_1_219' title='bbox 762 2694 949 2771; x_wconf 74' lang='grc' dir='ltr'>σοφὰς</span> <span class='ocrx_word' id='word_1_220' title='bbox 980 2700 1056 2775; x_wconf 74' lang='grc' dir='ltr'>τῷ</span> <span class='ocrx_word' id='word_1_221' title='bbox 1083 2694 1291 2772; x_wconf 77' lang='grc' dir='ltr'>οὕνομα</span> <span class='ocrx_word' id='word_1_222' title='bbox 1326 2694 1396 2771; x_wconf 82' lang='grc' dir='ltr'>ἤν</span> <span class='ocrx_word' id='word_1_223' title='bbox 1423 2695 1683 2773; x_wconf 83' lang='grc' dir='ltr'>Δηῖόκης,</span> <span class='ocrx_word' id='word_1_224' title='bbox 1710 2700 1841 2760; x_wconf 84' lang='grc' dir='ltr'>παῖς</span> <span class='ocrx_word' id='word_1_225' title='bbox 1867 2698 1927 2757; x_wconf 83' lang='grc' dir='ltr'>δὲ</span> 
     </span>
    </p>
   </div>
   <div class='ocr_carea' id='block_1_6' title="bbox 323 2780 1975 2861">
    <p class='ocr_par' dir='ltr' id='par_1_6' title="bbox 323 2780 1975 2861">
     <span class='ocr_line' id='line_1_31' title="bbox 323 2780 1975 2861; baseline -0.001 -19"><span class='ocrx_word' id='word_1_226' title='bbox 323 2782 398 2859; x_wconf 84' lang='grc' dir='ltr'>ἦν</span> <span class='ocrx_word' id='word_1_227' title='bbox 421 2782 738 2861; x_wconf 85' lang='grc' dir='ltr'>Φραόρτεω·</span> <span class='ocrx_word' id='word_1_228' title='bbox 779 2780 940 2847; x_wconf 79' lang='grc' dir='ltr'>οὗτος</span> <span class='ocrx_word' id='word_1_229' title='bbox 971 2782 1002 2843; x_wconf 84' lang='grc' dir='ltr'>ό</span> <span class='ocrx_word' id='word_1_230' title='bbox 1041 2782 1286 2859; x_wconf 84' lang='grc' dir='ltr'>Δηῖόκης</span> <span class='ocrx_word' id='word_1_231' title='bbox 1324 2784 1577 2860; x_wconf 87' lang='grc' dir='ltr'>ἐρασθεὶς</span> <span class='ocrx_word' id='word_1_232' title='bbox 1612 2782 1928 2860; x_wconf 83' lang='grc' dir='ltr'>τυραννίδος</span> <span class='ocrx_word' id='word_1_233' title='bbox 1970 2834 1975 2839; x_wconf 93' lang='grc'>.</span> 
     </span>
    </p>
   </div>
   <div class='ocr_carea' id='block_1_7' title="bbox 325 2867 1933 3299">
    <p class='ocr_par' dir='ltr' id='par_1_7' title="bbox 325 2867 1933 3299">
     <span class='ocr_line' id='line_1_32' title="bbox 327 2867 1928 2947; baseline -0.002 -16"><span class='ocrx_word' id='word_1_234' title='bbox 327 2872 510 2931; x_wconf 83' lang='grc' dir='ltr'>ἐποίεε</span> <span class='ocrx_word' id='word_1_235' title='bbox 529 2871 735 2931; x_wconf 80' lang='grc' dir='ltr'>τοιάδε.</span> <span class='ocrx_word' id='word_1_236' title='bbox 793 2870 1199 2947; x_wconf 84' lang='grc' dir='ltr'>κατοικημένων</span> <span class='ocrx_word' id='word_1_237' title='bbox 1215 2872 1324 2929; x_wconf 79' lang='grc' dir='ltr'>τῶν</span> <span class='ocrx_word' id='word_1_238' title='bbox 1344 2868 1555 2946; x_wconf 84' lang='grc' dir='ltr'>Μήδων</span> <span class='ocrx_word' id='word_1_239' title='bbox 1570 2870 1711 2929; x_wconf 72' lang='grc' dir='ltr'>κατὰ</span> <span class='ocrx_word' id='word_1_240' title='bbox 1727 2867 1928 2945; x_wconf 76' lang='grc' dir='ltr'>κώμας,</span> 
     </span>
     <span class='ocr_line' id='line_1_33' title="bbox 327 2956 1931 3039; baseline -0.001 -19"><span class='ocrx_word' id='word_1_241' title='bbox 327 2964 388 3020; x_wconf 84' lang='grc' dir='ltr'>ἐν</span> <span class='ocrx_word' id='word_1_242' title='bbox 413 2963 488 3039; x_wconf 80' lang='grc' dir='ltr'>τῇ</span> <span class='ocrx_word' id='word_1_243' title='bbox 513 2962 716 3019; x_wconf 81' lang='grc' dir='ltr'>ἑωυτοῦ</span> <span class='ocrx_word' id='word_1_244' title='bbox 751 2957 854 3019; x_wconf 76' lang='grc' dir='ltr'>ἐῶν</span> <span class='ocrx_word' id='word_1_245' title='bbox 887 2959 981 3017; x_wconf 83' lang='grc' dir='ltr'>καὶ</span> <span class='ocrx_word' id='word_1_246' title='bbox 1009 2956 1281 3035; x_wconf 87' lang='grc' dir='ltr'>πρότερον</span> <span class='ocrx_word' id='word_1_247' title='bbox 1317 2956 1543 3033; x_wconf 86' lang='grc' dir='ltr'>δόκιμος</span> <span class='ocrx_word' id='word_1_248' title='bbox 1581 2957 1674 3015; x_wconf 81' lang='grc' dir='ltr'>καὶ</span> <span class='ocrx_word' id='word_1_249' title='bbox 1701 2956 1931 3033; x_wconf 79' lang='grc' dir='ltr'>μᾶλλόν</span> 
     </span>
     <span class='ocr_line' id='line_1_34' title="bbox 325 3041 1927 3124; baseline -0.002 -17"><span class='ocrx_word' id='word_1_250' title='bbox 325 3072 383 3108; x_wconf 85' lang='grc' dir='ltr'>τι</span> <span class='ocrx_word' id='word_1_251' title='bbox 415 3048 510 3107; x_wconf 85' lang='grc' dir='ltr'>καὶ</span> <span class='ocrx_word' id='word_1_252' title='bbox 543 3044 963 3124; x_wconf 87' lang='grc' dir='ltr'>προθυμότερον</span> <span class='ocrx_word' id='word_1_253' title='bbox 999 3043 1353 3120; x_wconf 84' lang='grc' dir='ltr'>δικαιοσύνην</span> <span class='ocrx_word' id='word_1_254' title='bbox 1384 3044 1703 3119; x_wconf 84' lang='grc' dir='ltr'>ἐπιθέμενος</span> <span class='ocrx_word' id='word_1_255' title='bbox 1738 3041 1927 3118; x_wconf 87' lang='grc' dir='ltr'>ἤσκεε·</span> 
     </span>
     <span class='ocr_line' id='line_1_35' title="bbox 329 3129 1931 3211; baseline -0.001 -17"><span class='ocrx_word' id='word_1_256' title='bbox 329 3136 424 3194; x_wconf 81' lang='grc' dir='ltr'>καὶ</span> <span class='ocrx_word' id='word_1_257' title='bbox 448 3140 628 3195; x_wconf 81' lang='grc' dir='ltr'>ταῦτα</span> <span class='ocrx_word' id='word_1_258' title='bbox 651 3135 859 3211; x_wconf 86' lang='grc' dir='ltr'>μέντοι,</span> <span class='ocrx_word' id='word_1_259' title='bbox 878 3132 1078 3209; x_wconf 81' lang='grc' dir='ltr'>ἐούσης</span> <span class='ocrx_word' id='word_1_260' title='bbox 1103 3131 1333 3208; x_wconf 80' lang='grc' dir='ltr'>οἷνομίης</span> <span class='ocrx_word' id='word_1_261' title='bbox 1358 3134 1582 3204; x_wconf 82' lang='grc' dir='ltr'>πολλῆς</span> <span class='ocrx_word' id='word_1_262' title='bbox 1608 3129 1713 3189; x_wconf 83' lang='grc' dir='ltr'>οἷνοὶ</span> <span class='ocrx_word' id='word_1_263' title='bbox 1738 3135 1931 3192; x_wconf 83' lang='grc' dir='ltr'>πᾶσαν</span> 
     </span>
     <span class='ocr_line' id='line_1_36' title="bbox 327 3216 1933 3299; baseline -0.004 -17"><span class='ocrx_word' id='word_1_264' title='bbox 327 3222 437 3299; x_wconf 77' lang='grc' dir='ltr'>τήν</span> <span class='ocrx_word' id='word_1_265' title='bbox 477 3221 757 3299; x_wconf 77' lang='grc' dir='ltr'>Μηδικὴν,</span> <span class='ocrx_word' id='word_1_266' title='bbox 785 3222 966 3279; x_wconf 84' lang='grc' dir='ltr'>ἐποίεε</span> <span class='ocrx_word' id='word_1_267' title='bbox 1006 3218 1372 3294; x_wconf 81' lang='grc' dir='ltr'>ἐπιστάμενος</span> <span class='ocrx_word' id='word_1_268' title='bbox 1412 3216 1499 3275; x_wconf 87' lang='grc' dir='ltr'>ὅτι</span> <span class='ocrx_word' id='word_1_269' title='bbox 1537 3220 1613 3294; x_wconf 63' lang='grc' dir='ltr'>τῷ</span> <span class='ocrx_word' id='word_1_270' title='bbox 1644 3217 1830 3297; x_wconf 81' lang='grc' dir='ltr'>δικαίῳ</span> <span class='ocrx_word' id='word_1_271' title='bbox 1864 3220 1933 3280; x_wconf 81' lang='grc' dir='ltr'><em>τό</em></span> 
     </span>
    </p>
   </div>
   <div class='ocr_carea' id='block_1_8' title="bbox 330 3304 1933 3436">
    <p class='ocr_par' dir='ltr' id='par_1_8' title="bbox 330 3304 1933 3436">
     <span class='ocr_line' id='line_1_37' title="bbox 330 3304 1933 3385; baseline -0.006 -13"><span class='ocrx_word' id='word_1_272' title='bbox 330 3310 525 3373; x_wconf 75' lang='grc' dir='ltr'>ἄδικον</span> <span class='ocrx_word' id='word_1_273' title='bbox 570 3306 846 3385; x_wconf 85' lang='grc' dir='ltr'>πολέμιόν</span> <span class='ocrx_word' id='word_1_274' title='bbox 889 3312 1030 3367; x_wconf 86' lang='grc' dir='ltr'>ἐστι·</span> <span class='ocrx_word' id='word_1_275' title='bbox 1085 3310 1142 3365; x_wconf 80' lang='grc' dir='ltr'>οἱ</span> <span class='ocrx_word' id='word_1_276' title='bbox 1185 3304 1233 3365; x_wconf 82' lang='grc' dir='ltr'>δ’</span> <span class='ocrx_word' id='word_1_277' title='bbox 1275 3309 1335 3364; x_wconf 86' lang='grc' dir='ltr'>ἐκ</span> <span class='ocrx_word' id='word_1_278' title='bbox 1386 3307 1488 3379; x_wconf 82' lang='grc' dir='ltr'>τῆς</span> <span class='ocrx_word' id='word_1_279' title='bbox 1527 3304 1697 3381; x_wconf 77' lang='grc' dir='ltr'>αὐτῆς</span> <span class='ocrx_word' id='word_1_280' title='bbox 1749 3305 1933 3383; x_wconf 80' lang='grc' dir='ltr'>κώμης</span> 
     </span>
     <span class='ocr_line' id='line_1_38' title="bbox 478 3394 506 3436; baseline 0 0"><span class='ocrx_word' id='word_1_281' title='bbox 478 3394 506 3436; x_wconf 83' lang='grc'><strong>5</strong></span> 
     </span>
    </p>
   </div>
   <div class='ocr_carea' id='block_1_9' title="bbox 2108 3368 2239 3447">
    <p class='ocr_par' dir='ltr' id='par_1_9' title="bbox 2108 3368 2239 3447">
     <span class='ocr_line' id='line_1_39' title="bbox 2108 3368 2239 3447; baseline 0 -2"><span class='ocrx_word' id='word_1_282' title='bbox 2108 3368 2239 3447; x_wconf 70' lang='grc' dir='ltr'><strong><em>Δ</em></strong></span> 
     </span>
    </p>
   </div>
  </div>
 </body>
</html>
