2250 3500
370 77 661 138 ται-110]
954 77 1408 129 ΜΕΔΠΟΜΕΝΗ.
1911 86 1974 130 23

372 162 485 245 γοὶρ
527 162 599 239 δὴ
647 161 841 224 αὐτόθι
889 163 1238 240 Ἑλληνικῶν
1282 166 1424 226 θεῶν
1465 166 1575 244 ἱρὰ,
1625 165 1974 242 Ἑλληνικῶς

374 255 867 332 κατεσκευασμένα
932 253 1237 335 ἀγάλμασί
1293 280 1356 315 τε
1411 256 1503 314 καὶ
1561 256 1816 331 βωμοῖσι
1884 255 1978 313 καὶ

374 348 565 420 νηοῖσι
592 343 885 412 ξυλίνοισι·
929 343 1021 400 καὶ
1058 346 1138 421 ,τῷ
1179 342 1439 422 Διονύσῳ
1477 343 1820 419 τριετηρίδας
1847 341 1978 402 ‹ivd-

374 457 561 513 γουσι,
607 431 699 489 καὶ
750 429 1119 509 βακχεύουσι.
1204 431 1317 489 εἰσὶ
1362 431 1472 511 γαῖρ
1521 433 1575 489 οἱ
1621 431 1863 490 Γελωνοὶ
1908 430 1977 491 τὸ

376 519 613 598 ἀρχαῖον
628 516 927 594 “Ελληνες·
956 521 1015 576 ἐκ
1040 522 1152 578 τῶν
1177 517 1238 576 δὲ
1264 519 1541 595 ἐμπορίων
1566 518 1980 588 ἐξαναστάντες,

379 609 616 684 οἴκησαν
660 611 719 666 ἐν
758 609 913 665 τοῖσι
952 606 1294 666 Βουδίνοισι·
1339 606 1432 665 καὶ
1477 605 1720 686 γλώσσῃ
1764 606 1836 666 τοὶ
1878 609 1981 682 μὲν

379 695 625 773 Σκυθικῇ
650 720 723 754 τα
704 693 803 753 δὲ
827 693 1138 774 Ἑλληνικῇ
1163 695 1451 774 χρέωνται.
1505 693 1762 753 Βουδῖνοι
1787 693 1846 752 δὲ
1875 719 1940 753 ου
1964 697 2074 754 109

376 787 449 861 τῇ
489 781 631 862 αὐτῇ
668 781 916 862 γλωσσῃ
956 783 1224 860 χρέωνται
1265 783 1356 842 καὶ
1396 783 1656 852 Γελωνοι,
1682 780 1814 840 αλλ’
1857 781 1984 841 οὐδὲ

379 870 562 930 δίαιτα
605 869 645 946 ἦ
688 869 846 946 αὐτή·
890 872 944 928 οἱ
985 895 1089 947 μεν
1133 868 1245 951 γοὶρ
1289 870 1562 940 Βουδῖνοι,
1596 869 1777 934 ἐόντες
1820 868 1982 931 αὐτό-

378 959 593 1037 χθονες,
620 956 853 1034 νομάδες
886 959 952 1018 τέ
982 961 1095 1016 εἰσι
1131 958 1222 1016 καὶ
1253 958 1756 1039 φθειροτραγέουσι
1784 962 1983 1034 μοῦνοι

378 1049 491 1106 τῶν
528 1044 721 1124 ταύτῃ·
761 1045 1006 1105 Γελωνοὶ
1046 1045 1121 1116 δὲ,
1163 1048 1269 1126 γῆς
1305 1072 1369 1107 τε
1408 1044 1652 1127 ἐργάται,
1695 1047 1788 1106 καὶ
1829 1073 1984 1107 σιτο-

381 1133 576 1214 φάγοι,
606 1135 698 1192 καὶ
724 1132 934 1208 κήπους
959 1134 1265 1209 ἐκτημένοι,
1287 1133 1445 1194 οὐδὲν
1469 1133 1572 1211 τὴν
1601 1135 1747 1211 ἰδέην
1774 1134 1978 1211 ὁμοῖοι,

380 1221 508 1281 οὐδὲ
532 1221 598 1281 τό
623 1224 842 1300 χρῶμα·
882 1220 994 1280 ὖπὸ
1018 1222 1210 1298 μέντοι
1242 1221 1532 1298 Ἑλλήνων
1567 1225 1862 1282 καλέονται
1890 1224 1982 1282 καὶ

382 1312 436 1368 οἱ
476 1309 735 1369 Βουδῖνοι
760 1309 1019 1381 Γελωνοὶ,
1051 1308 1153 1367 οὗκ
1193 1307 1370 1386 ὀρθῶς
1414 1309 1761 1385 καλεόμενοι.
1844 1309 1882 1385 ἦ
1923 1310 1982 1369 δὲ

379 1396 537 1476 χώρη
576 1397 769 1472 σφέων
808 1395 971 1456 πᾶσά
1012 1400 1138 1456 ἐστι
1178 1395 1354 1471 δασέη
1380 1396 1534 1473 ἴδῃσι
1561 1397 1881 1473 παντοίῃσι·
1924 1403 1982 1458 ἐν

382 1485 443 1542 δὲ
486 1488 558 1562 τῇ
606 1484 695 1562 ἴδῃ
740 1487 812 1562 τῇ
854 1484 1099 1562 πλείστῃ
1145 1483 1268 1543 ἐστὶ
1309 1485 1482 1560 λίμνη
1523 1481 1746 1563 μεγάλη
1787 1509 1850 1542 τε
1890 1485 1982 1544 καὶ

380 1571 593 1647 πολλη,
620 1572 713 1630 καὶ
740 1573 867 1634 ἕλος
895 1572 987 1630 καὶ
1014 1571 1270 1647 κάλαμος
1294 1571 1422 1648 περὶ
1448 1569 1639 1646 αὐτήν·
1683 1575 1740 1630 ἐν
1772 1571 1831 1630 δὲ
1856 1572 1984 1630 ταύ-

380 1686 453 1738 τῃ
474 1658 707 1736 ἐνύδριες
726 1659 1073 1740 αλίσκονται,
1092 1659 1184 1718 καὶ
1212 1683 1498 1737 καστορες,
1527 1658 1617 1718 καὶ
1638 1657 1792 1719 αλλα
1819 1659 1986 1736 θηρία

381 1745 987 1828 τετραγωνοπρόσωπα,
1003 1752 1114 1808 τῶν
1140 1774 1209 1809 τα
1237 1748 1483 1826 δέρματα
1507 1748 1634 1826 περὶ
1658 1774 1761 1811 τας
1787 1747 1986 1827 σισύρ-

381 1860 481 1898 νας
506 1834 982 1912 παραρράπτεται·
1026 1837 1118 1896 καὶ
1145 1840 1218 1896 οἱ
1226 1835 1410 1916 ὄρχιες
1442 1836 1672 1897 αὐτοῖσί
1698 1840 1810 1896 εἰσι
1847 1836 1984 1916 χρή-

382 1947 547 1999 σιμοι
573 1928 628 1986 ἐς
653 1922 929 1999 ὕστερέων
956 1922 1171 1983 ἄκεσιν.

464 2011 867 2087 Σαυροματέων
895 2010 954 2069 δὲ
979 2010 1109 2087 πέρι
1139 2006 1241 2069 ὧδε
1267 2011 1510 2090 λέγεται·
1553 2009 1646 2070 ὅτε
1666 2010 1943 2087 Ἕλληνες
1965 2013 2081 2071 110

382 2096 662 2175 Ἀμαζόσι
701 2098 1070 2176 ἐμαχέσαντο,
1101 2097 1226 2177 (τὰς
1267 2098 1326 2156 δὲ
1364 2097 1676 2173 Ἀμαζόνας
1716 2100 1984 2157 καλέουσι

386 2189 441 2245 οἱ
482 2185 693 2250 Σκύθαι
737 2185 1049 2262 Οἰόρπατα·
1092 2185 1318 2245 δύναται
1357 2185 1417 2244 δὲ
1454 2184 1520 2244 τό
1564 2182 1775 2261 οὕνομα
1819 2189 1986 2245 τοῦτο
2039 2213 2046 2219 ·

388 2274 530 2333 κατοὶ
577 2272 831 2332 Ἑλλάδα
876 2276 1155 2353 γλῶσσαν
1201 2272 1575 2351 ἀνδροκτόνοι·
1639 2278 1823 2331 ΟΙΟΡ
1872 2272 1986 2354 γοῖρ

387 2361 656 2420 καλέουσι
695 2360 796 2420 τὸν
841 2358 1029 2437 ἄνδρα,
1071 2361 1139 2421 τό
1188 2361 1247 2420 δὲ
1289 2368 1500 2420 ΠΑΤΑ
1549 2361 1818 2442 κτείνειν)
1859 2360 1988 2421 τότε

385 2448 576 2529 λόγος,
617 2447 748 2511 τοῦς
780 2447 1087 2523 Ἕλληνας,
1135 2448 1470 2525 νικήσαντας
1509 2452 1582 2527 τῇ
1624 2449 1716 2507 ἐπὶ
1760 2448 1984 2527 Θερμώ-

387 2537 537 2595 δοντι
604 2535 780 2616 μα’χῃ,
838 2536 1146 2597 ἀποπλέειν
1207 2535 1445 2618 ἄγοντας
1510 2537 1665 2613 τρισὶ
1732 2540 1990 2598 πλοίοισι
2043 2534 2046 2537 ’

384 2628 496 2683 τῶν
546 2622 870 2700 Ἀμαζόνων
912 2622 1053 2688 ὅσας
1096 2624 1365 2701 ἠδυνέατο
1413 2627 1718 2705 ζωγρῆσαι·
1787 2625 1888 2688 τας
1931 2626 1990 2683 δὲ

388 2716 447 2772 ἐν
498 2714 576 2790 τῷ
625 2710 861 2792 πελάγεϊ
916 2713 1258 2788 ἐπιθεμένας,
1303 2712 1535 2789 ἐκκόψαι
1588 2710 1716 2773 τούς
1768 2708 1988 2787 ἄνδρας·

386 2802 565 2858 πλοῖα
617 2799 677 2858 δὲ
734 2799 799 2858 οὖ
865 2800 1160 2881 γινώσκειν
1223 2798 1410 2869 αὖτοὶς,
1471 2798 1596 2857 οὐδὲ
1656 2799 1993 2874 πηδαλίοισι

387 2888 657 2967 χρῆσθαι,
715 2887 841 2946 οὐδὲ
900 2887 1150 2957 ἱστίοισι,
1209 2886 1334 2944 οὐδὲ
1393 2886 1628 2964 εἰρεσίῃ·
1683 2884 1814 2943 ἀλλ’
1872 2887 1992 2944 ἐπεὶ

390 2976 662 3053 ἐξέκοψαν
713 2975 842 3039 τούς
894 2974 1111 3053 ἄνδρας,
1170 2974 1438 3050 ἐφέροντο
1493 2972 1633 3031 κατὰ
1689 2977 1836 3049 κῦμα
1903 2972 1994 3032 καὶ

390 3062 612 3139 ἄνεμον·
674 3064 767 3122 καὶ
813 3063 1167 3124 ἀπικνέονται
1210 3065 1312 3137 τῆς
1358 3062 1561 3138 λίμνης
1606 3064 1706 3136 τῆς
1752 3060 1995 3136 Μαιήτι-

390 3150 485 3213 δος
538 3151 631 3211 ἐπὶ
686 3152 1003 3228 Κρημνούς·
1065 3154 1119 3211 οἱ
1171 3150 1231 3209 δὲ
1278 3150 1536 3227 Κρημνοὶ
1587 3150 1698 3209 εἶσὶ
1745 3152 1850 3229 γῆς
1896 3152 1997 3223 τῆς

392 3238 651 3300 Σκυθέων
673 3242 785 3299 τῶν
810 3239 1132 3316 ἐλευθέρων·
1159 3238 1398 3301 ἐνθαῦτα
1423 3237 1724 3315 ἀποβᾶσαι
1749 3234 1862 3297 ‹in-6
1887 3241 1998 3297 τῶν
