2250 3500
279 145 572 210 187-1901
740 154 772 183 ο
987 144 1221 198 mm.
1836 149 1903 198 9³

277 228 512 289 mesa·
484 226 868 303 ἐστρατεύετο,
897 227 1097 307 ἔχοντά
1121 255 1185 289 τε
1209 231 1311 289 τοῦ
1334 227 1547 308 πατρὸς
1570 229 1672 291 τοῦ
1700 230 1902 290 ἑωυτοῦ

277 315 532 392 τσῦνομα
545 314 890 390 Λαβυνήτου
907 316 1000 376 καὶ
1014 315 1118 391 τήν
1135 316 1506 394 Ἀσσυρίων’
1468 315 1668 396 αρχήν.
1705 315 1901 400 (στρα-

278 402 502 465 τεύεται
541 402 600 462 δὲ
633 401 701 477 δὴ
734 403 1075 480 βασιλεύς“
1043 431 1076 464 ο
1107 404 1285 486 μέγας
1322 405 1414 463 καὶ
1446 406 1681 466 σιτίοισι
1712 403 1772 464 εὖ
1809 409 1901 464 ἐσ-

283 491 690 569 κευασμένοισι
731 492 796 562 ἐξ
833 492 990 551 οἴκου
1029 492 1124 551 καὶ
1162 490 1529 569 προβάτοισι·
1572 493 1665 551 καὶ
1702 491 1771 569 δὴ
1808 493 1905 552 καὶ

283 579 434 658 ὕδωρ
474 577 588 638 «ivre
625 581 729 640 τοῦ
771 577 1058 640 Χοάσπεω
1097 582 1358 657 ποταμοῦ
1398 577 1517 656 ἅμα
1562 579 1759 660 ἄγεται
1802 584 1905 641 τοῦ

287 666 446 744 παρὰ
478 668 732 732 Σοῦσα*
702 668 942 744 ρέοντος,
965 671 1068 728 τοῦ
1097 666 1309 745 μούνου
1337 668 1487 728 πίνει
1507 667 1789 743 βασιλεῦς
1812 668 1907 728 καὶ

287 753 480 814 ἄλλου
529 752 752 819 ουδενός
795 759 1076 832 ποταμοῦ·
1119 754 1323 817 τούτου
1368 755 1429 814 δὲ
1472 759 1574 816 τοῦ
1620 753 1905 814 Χοάσπεω

287 846 395 902 τοῦ
417 841 616 906 ὕδατος
641 841 1004 921 ἀπεψημένου
1027 844 1247 904 πολλοὶ
1281 841 1459 921 κάρτα
1480 841 1692 920 ἅμαξαι
1714 841 1907 920 τετρά-

293 933 492 990 κυκλοι
541 929 820 1007 ἡμιόνειαι
874 931 1207 1008 κομίζουσαι
1246 937 1305 992 ἐν
1346 930 1629 1014 άγγείοισι
1678 929 1907 1013 άργυρέ-

293 1042 430 1088 οισι,
459 1020 686 1080 ἕπονται
713 1017 826 1096 ὅπη
853 1017 922 1080 ἂν
941 1019 1214 1100 ἐλαύνῃσι
1241 1019 1551 1099 ἑκάστοτε.)
1616 1018 1781 1082 Ἐπεί
1800 1045 1864 1083 τε
1885 1021 1997 1083 189

293 1103 357 1164 δὲ
383 1105 414 1165 ὁ
441 1111 627 1184 Κῦρος
657 1105 1034 1184 πορευόμενος
1069 1109 1165 1168 ἐπὶ
1192 1108 1299 1186 τήν
1331 1109 1655 1184 Βαβυλῶνα
1690 1109 1903 1189 ἐγίνετο

294 1193 390 1252 ἐπὶ
421 1193 600 1274 Γύνδῃ
631 1199 884 1274 ποταμῷ,
919 1199 1022 1256 τοῦ
1051 1198 1115 1255 ἀἳ
1146 1199 1250 1274 μὲν
1273 1197 1452 1276 πηγαὶ
1478 1201 1537 1256 ἐν
1562 1199 1907 1271 Ματιηνοῖσι

293 1279 506 1359 οὔρεσι,
543 1283 656 1360 ῥέει
691 1283 752 1343 δὲ
787 1282 880 1344 διὰ
916 1284 1265 1361 Δαρδανέων,
1298 1283 1506 1344 ἐκδιδοῖ
1534 1283 1595 1343 δὲ
1630 1288 1687 1347 ἐς
1718 1283 1906 1361 ἕτερον

291 1370 555 1445 ποταμόν
586 1371 798 1451 Τίγριν·
838 1370 872 1432 ὅ
899 1371 959 1432 δὲ
983 1371 1141 1449 παρὰ
1157 1370 1336 1432 Ὦπιν
1358 1370 1530 1431 πόλιν
1564 1371 1702 1448 ῥέων
1722 1375 1777 1434 ἐς
1802 1370 1907 1446 τήν

291 1454 576 1534 Ἐρυθρήν
607 1457 910 1520 θάλασσαν
945 1459 1168 1520 ἐκδιδοῖ·
1212 1462 1411 1520 τοῦτον
1448 1456 1517 1534 δὴ
1552 1457 1652 1519 τόν
1690 1455 1906 1533 Γύνδην

229 1579 232 1584 -
293 1544 554 1622 ποταμὸν
573 1544 644 1610 οἷς
661 1545 971 1624 διαβαίνειν
991 1550 1249 1625 ἐπειρᾶτο
1266 1545 1299 1608 ὅ
1316 1550 1517 1624 Κῦρος,
1538 1543 1701 1606 ἐόντα
1718 1569 1907 1622 νηυσι-

294 1632 554 1710 πέρητον,
582 1633 819 1695 ἐνθαῦτά
849 1637 904 1695 οἶ
931 1639 1044 1696 τῶν
1077 1659 1165 1699 τις
1196 1637 1328 1712 ἶρῶν
1354 1633 1536 1694 ἵππων
1558 1637 1669 1694 τῶν
1686 1637 1900 1694 λευκῶν

295 1718 406 1780 ὖπὸ
443 1719 646 1801 ὕβριος
680 1721 862 1801 ἐσβὰς
894 1727 950 1789 ἐς
978 1722 1078 1786 τόν
1107 1721 1381 1802 ποταμόν,
1414 1721 1723 1801 διαβαίνειν
1755 1726 1900 1783 ἐπει-

294 1813 456 1885 ρᾶτο·
486 1809 519 1870 ὁ
547 1810 610 1870 δέ
626 1836 725 1887 μιν
741 1809 1058 1889 συμψήσας
1079 1810 1433 1891 ὖποβρύχιον
1452 1810 1678 1891 οἰχώκεε
1698 1811 1903 1889 φέρων.

296 1894 476 1973 κάρτα
505 1923 570 1957 τε
608 1896 678 1975 δὴ
713 1899 1049 1979 ἐχαλέπαινε
1079 1902 1158 1978 τῷ
1188 1904 1423 1979 ποταμῷ
1457 1898 1489 1960 ὅ
1524 1904 1711 1977 Κῦρος
1738 1901 1907 1959 τοῦτο

294 1981 614 2061 ὖβρίσαντι,
654 1986 750 2045 καὶ
783 1989 840 2047 οἳ
873 1987 1225 2063 ἐπηπείλησε
1256 1986 1399 2048 οὕτω
1430 1986 1499 2062 δή
1531 2012 1631 2064 μιν
1662 1985 1907 2047 α’σθενέα

293 2071 573 2147 ποιήσειν,
603 2071 747 2133 ὥστε
765 2076 867 2133 τοῦ
885 2077 1092 2134 λοιποῦ
1113 2074 1209 2133 καὶ
1230 2073 1493 2154 γυναῖκάς
1517 2098 1615 2150 μιν
1641 2071 1907 2135 εὐπετέως

294 2158 362 2219 τό
398 2159 536 2241 γόνυ
579 2160 644 2221 οῦ
686 2160 1016 2241 βρεχούσας
1055 2160 1459 2237 διαβήσεσθαι·
1514 2158 1657 2235 μετὰ
1696 2158 1756 2217 δὲ
1796 2158 1902 2233 τήν

295 2245 552 2323 ἀπειλὴν,
571 2250 756 2326 μετεὶς
773 2249 876 2327 τὴν
894 2250 988 2309 ἐπὶ
1005 2249 1327 2325 Βαβυλῶνα
1346 2245 1684 2324 στράτευσιν
1704 2244 1906 2324 διαίρεε

295 2334 402 2410 τήν
427 2336 698 2413 στρατιὴν
724 2336 872 2416 δίχα,
901 2336 1099 2398 διελών
1123 2336 1201 2407 δὲ,
1224 2336 1496 2397 κατέτεινε
1520 2334 1906 2413 σχοινοτενέας

295 2421 568 2494 ὑποδέξας
607 2423 879 2505 διώρυχας
917 2424 1237 2507 ὀγδώκοντα
1276 2424 1371 2483 καὶ
1411 2422 1606 2484 ἐκατὸν
1646 2422 1777 2501 παρ’
1821 2427 1905 2483 ἐκ-

297 2508 494 2588 άτερον
530 2511 598 2574 τό
638 2516 831 2593 χεῖλος
874 2513 1258 2592 τετραμμένας
1302 2517 1405 2574 τοῦ
1457 2511 1672 2573 Γύνδεω
1722 2512 1907 2573 πάντα

295 2598 524 2675 τρόπον·
565 2600 829 2672 διατάξας
859 2601 920 2661 δὲ
947 2601 1049 2664 τόν
1089 2600 1337 2680 στρατόν
1371 2600 1639 2680 ὀρύσσειν
1664 2601 1903 2661 ἐκέλευε·

296 2685 389 2744 οἷα
435 2686 498 2746 δὲ
547 2687 756 2765 ὁμίλου
799 2692 1025 2750 πολλοῦ
1077 2690 1449 2771 ἐργαζομένου
1489 2686 1654 2764 ἤνετο
1694 2690 1799 2763 μὲν
1836 2686 1905 2746 τό

296 2773 474 2854 ἔργον,
502 2773 650 2854 ὅμως
675 2777 868 2855 μέντοι
899 2777 1006 2853 τήν
1038 2777 1257 2855 θερείην
1290 2780 1486 2837 πᾶσαν
1525 2773 1697 2836 αὐτοῦ
1731 2772 1906 2851 ταύτῃ

295 2860 584 2940 διέτριψαν
611 2863 981 2946 ἐργαζόμενοι.

375 2948 475 3014 Ὡς
519 2950 581 3011 δὲ
619 2951 720 3013 τᾶν
760 2950 974 3028 Γύνδην
1015 2950 1271 3027 ποταμὸν
1310 2950 1538 3010 ἐτίσατο
1579 2951 1768 3024 Κῦρος
1808 2950 1863 3009 ἐς
1882 2948 1999 3007 190

291 3040 621 3115 τριηκοσίας
646 3039 740 3099 καὶ
766 3038 1032 3116 ἐξήκοντά
1055 3064 1154 3116 μιν
1180 3036 1450 3116 διώρυχας
1478 3033 1783 3112 διαλαβῶν,
1813 3034 1907 3094 καὶ

291 3124 361 3184 va
387 3124 644 3205 δεύτερον
671 3128 768 3205 ἔαρ
801 3127 1120 3203 ὑπέλαμπε,
1147 3124 1287 3186 οὕτω
1323 3124 1391 3199 δὴ
1431 3122 1639 3198 ἤλαυνε
1677 3123 1769 3181 ἐπὶ
1803 3122 1907 3197 τὴν

294 3214 636 3289 Βαβυλῶνα·
711 3218 765 3275 οἱ
829 3215 890 3275 δὲ
946 3211 1309 3290 Βαβυλώνιοι
1370 3208 1907 3288 ἐκστρατευσάμενοι

294 3300 491 3375 ἔμενον
531 3300 718 3363 αὐτόν·
773 3302 895 3361 ἐπεὶ
936 3301 997 3361 δὲ
1035 3300 1255 3379 ἐγένετο
1297 3296 1539 3358 ἐλαύνων
1578 3297 1760 3379 οἷγχοῦ
1804 3300 1907 3373 τῆς
