2250 3500
322 94 1298 157 320·HP0A01·0'1·
1796 91 1925 157 [lv.

322 178 555 260 σχεδίην
579 179 773 236 πᾶσαν
800 173 1115 251 προθυμίην
1143 172 1416 249 σωτηρίης
1453 196 1516 233 τε
1547 171 1636 230 καὶ
1665 174 1932 248 φυλακῆς

324 262 715 344 παρεχόμενοι·
798 266 973 322 ταῦτα
1029 261 1088 320 δὲ
1147 263 1445 331 ποιεῦντες,
1503 260 1626 336 ἐμοὶ
1667 259 1931 340 μεγάλως

326 350 667 435 χαριεῖσθε.”
736 353 973 426 Δαρεῖος
1011 375 1114 425 μεν
1139 353 1315 408 ταῦτα
1350 347 1504 410 εἴπας
1533 353 1588 410 ἐς
1626 347 1693 407 τὰ
1725 347 1927 426 πρόσω

330 442 592 521 ἐπείγετο.

234 533 309 593 99
406 532 522 604 Τῆς
559 528 619 587 δὲ
656 525 929 601 Σκυθικῆς
963 527 1067 606 γῆς
1102 524 1143 600 ἦ
1179 523 1391 601 Θρηΐκη
1424 522 1492 582 *ro*
1531 526 1586 586 ἔς
1616 521 1928 584 θάλασσαν

326 617 631 695 πρόκειται·
676 613 889 674 κόλπου
930 613 990 674 δὲ
1030 612 1309 694 ἀγομένου
1348 615 1450 688 τῆς
1487 614 1595 691 ’γῆς
1631 609 1852 688 ταύτης,
1887 611 1930 688 ἦ

330 704 573 780 Σκυθική
602 728 667 763 τε
698 701 990 771 ἐκδέκεται,
1020 701 1110 758 καὶ
1139 699 1171 759 ὁ
1189 699 1414 776 Ἴστρος
1441 699 1647 758 ἐκδιδοῖ
1669 703 1725 762 ἐς
1752 698 1932 774 αὕτῆν

328 793 467 870 πρός
509 791 668 869 εὖρον
707 787 910 866 ἄνεμον
948 788 1014 848 vd
1056 787 1246 864 στόμα
1285 786 1677 864 τετραμμένος.
1756 785 1828 846 τὸ
1869 787 1931 845 δὲ

331 880 441 940 ‹in-6
467 878 714 955 Ἴστρου,
745 878 978 955 ἔρχομαι
1014 873 1308 952 σημανέων
1340 874 1408 934 ‘ro‘
1443 873 1586 950 πρός
1622 871 1932 934 θάλασσαν

332 967 501 1042 αὐτῆς
524 970 627 1042 τῆς
653 965 928 1038 Σκυθικῆς
953 963 1137 1041 χώρης
1164 967 1219 1026 ἐς
1243 963 1534 1040 μέτρησιν·
1567 961 1681 1022 α’πὸ
1696 959 1933 1040 Ἴστρου

331 1054 472 1130 αὕτη
499 1052 606 1128 ἤδη
632 1051 838 1129 ἀρχαίη
865 1051 1110 1126 Σκυθική
1120 1055 1280 1121 ἐστι,
1306 1048 1448 1126 πρὸς
1469 1051 1842 1127 μεσαμβρίην
1863 1076 1931 1110 τε

332 1141 424 1200 καὶ
449 1140 612 1202 νότον
647 1137 849 1215 ἄνεμον
886 1138 1123 1214 κειμένη,
1151 1138 1322 1216 μέχρι
1355 1137 1556 1200 πόλιος
1590 1138 1934 1215 καλεομένης

332 1226 735 1307 Καρκινίτιδος·
775 1225 843 1286 τό
869 1225 929 1286 δὲ
955 1225 1068 1285 ‹in-6
1093 1225 1312 1300 ταύτης,
1338 1223 1442 1300 τῆν
1465 1227 1569 1302 μὲν
1595 1224 1687 1284 ε’πὶ
1714 1225 1932 1286 θάλασ-

334 1341 446 1377 σαν
476 1315 583 1392 τῆν
615 1312 790 1390 αῦτῆν
830 1315 1134 1392 φέρουσαν,
1163 1316 1370 1373 ἐοῦσαν
1404 1311 1621 1390 ὀρεινήν
1645 1338 1708 1373 τε
1742 1313 1936 1392 χώρην

334 1406 427 1464 καὶ
462 1404 826 1483 προκειμένην
855 1402 922 1463 vd
959 1407 1014 1465 ἐς
1048 1401 1289 1470 Πόντον,
1317 1400 1540 1477 νέμεται
1565 1399 1632 1460 »ra
1657 1400 1936 1477 Ταυρικὸν

333 1493 502 1564 ἔθνος,
529 1491 698 1571 μέχρι
736 1489 1106 1567 Χερσονήσου
1145 1491 1247 1564 τῆς
1283 1488 1534 1565 Τρηχέης
1573 1489 1933 1566 καλεομένης·

335 1579 474 1655 αὕτη
506 1580 564 1638 δὲ
606 1584 661 1642 ε’ς
701 1577 1005 1638 θάλασσαν
1043 1574 1148 1653 τῆν
1186 1575 1328 1652 πρδς
1366 1575 1690 1652 ἀπηλιώτην
1729 1575 1936 1652 ἄνεμον

336 1667 579 1742 κατήκει.
664 1663 783 1724 ἔστι
813 1664 925 1745 γοῖρ
958 1668 1058 1739 τῆς
1097 1665 1373 1739 Σκυθικῆς
1399 1687 1472 1722 τα
1503 1663 1600 1723 δύο
1626 1664 1798 1741 μέρεα
1824 1669 1937 1726 τῶν

336 1746 511 1823 οὔρων
553 1753 608 1809 ἐς
650 1745 953 1805 θάλασσαν
995 1744 1256 1822 φέροντα,
1290 1744 1394 1820 τήν
1431 1769 1495 1805 τε
1534 1745 1675 1823 πρός
1713 1772 1937 1823 μεσαμ-

334 1835 507 1912 βρίην
548 1834 639 1892 καὶ
677 1832 783 1908 τῆν
821 1832 962 1910 πρός
999 1832 1104 1908 τῆν
1144 1832 1245 1940 ήῶ,
1273 1832 1519 1910 κατάπερ
1547 1837 1647 1908 τῆς
1675 1832 1939 1911 Ἀττικῆς
1999 1894 2008 1903 ,

335 1923 536 2002 χώρης·
567 1922 658 1980 καὶ
676 1920 1053 1999 παραπλήσια
1069 1921 1247 2000 ταύτῃ
1269 1922 1360 1980 καὶ
1381 1924 1435 1980 οἶ
1455 1926 1662 1997 Ταῦροι
1677 1922 1939 2000 νέμονται

336 2015 437 2085 τῆς
462 2011 751 2087 Σκυθικῆς,
782 2008 852 2074 ὥς
880 2013 927 2069 εἰ
949 2012 1050 2086 τῆς
1074 2008 1333 2083 Ἀττικῆς
1358 2006 1508 2068 ἄλλο
1535 2011 1691 2073 ἔθνος
1727 2012 1820 2069 καὶ
1854 2037 1938 2088 μη

334 2098 623 2176 Ἀθηναῖοι
641 2100 899 2175 νεμοίατο
919 2097 1017 2158 τόν
1034 2096 1236 2179 γουνὸν
1253 2095 1353 2157 τόν
1373 2098 1694 2169 Σουνιακὸν,
1709 2102 1940 2191 μᾶλλον

339 2191 394 2249 ἐς
424 2186 526 2247 τόν
556 2187 762 2247 πόντον
784 2185 888 2262 τῆν
917 2184 1090 2262 ἄκρην
1116 2184 1404 2262 ἀνέχοντα,
1428 2184 1530 2245 τόν
1555 2184 1669 2245 ‹in-6
1697 2178 1939 2295 Θορικοῦ

337 2275 505 2353 μέχρι
539 2272 945 2349 Ἀναφλύστου
977 2273 1175 2349 δήμου·
1217 2272 1366 2353 λέγω
1393 2272 1540 2343 δε,”
1499 2299 1569 2336 ως
1596 2273 1736 2333 εἶναι
1759 2277 1942 2335 ταῦτα

340 2362 552 2436 σμικροὶ
587 2360 893 2440 μεγάλοισι
929 2360 1299 2437 συμβαλέειν·
1337 2363 1591 2421 τοιοῦτον
1621 2361 1659 2436 ἦ
1693 2361 1942 2440 Ταυρική

342 2453 482 2507 ἐστι·
512 2446 573 2509 ὃς
594 2448 651 2505 δὲ
671 2452 771 2522 τῆς
794 2446 1054 2523 Ἀττικῆς
1076 2451 1252 2509 ταῦτα
1277 2448 1357 2525 μή
1384 2450 1813 2526 παραπέπλωκε,
1832 2452 1944 2533 ε’γῶ

342 2535 401 2594 δὲ
436 2533 624 2599 ἄλλως
660 2534 914 2611 δηλώσω·
958 2535 1030 2599 ὥς
1061 2540 1108 2595 εἷ
1133 2540 1234 2613 τῆς
1263 2535 1548 2618 Ἰηπυγίης
1583 2536 1732 2597 ἄλλο
1767 2539 1942 2611 ἔθνος,

343 2624 434 2682 καὶ
469 2622 548 2700 μῆ
583 2623 852 2706 Ἰήπυγες,
888 2622 1187 2701 ἀρξάμενοι
1227 2628 1289 2684 ἔκ
1329 2627 1663 2701 Βρεντεσίου
1695 2627 1943 2701 λιμένος,

343 2709 725 2788 ἀποταμοίατο
740 2713 909 2791 μέχρι
924 2711 1221 2788 Τάραντος,
1239 2711 1331 2771 καὶ
1350 2714 1611 2789 νεμοίατο
1624 2712 1728 2789 τῆν
1746 2713 1945 2792 ἄκρην.

344 2798 442 2858 δύο
484 2799 542 2857 δὲ
582 2800 762 2880 λέγων
799 2803 991 2870 ταῦτα,
1024 2799 1220 2859 πολλοὶ
1259 2800 1407 2880 λέγω
1446 2800 1747 2878 παρόμοια,
1786 2806 1949 2862 τοῖσι

252 2886 367 2943 100
387 2885 619 2945 ἄλλοισι
647 2888 787 2946 ἔοικε
813 2888 850 2963 ἦ
876 2886 1141 2965 Ταυρική.
1207 2887 1286 2947 Τὸ
1314 2887 1361 2946 δ’
1387 2886 1500 2949 άπό
1524 2893 1626 2965 τῆς
1650 2894 1950 2967 Ταυρικῆς,

342 2970 449 3047 ἤδη
491 2972 703 3036 Σκύθαι
740 2975 807 3035 τὸ
841 2973 1151 3051 κατύπερθε
1181 2978 1291 3035 τῶν
1322 2975 1551 3056 Ταύρων
1585 2977 1680 3037 καὶ
1703 2976 1778 3043 τὰ
1801 2979 1953 3056 πρὸς

346 3056 645 3135 θαλάσσης
670 3066 769 3136 τῆς
793 3061 955 3137 ἠοίης
978 3064 1255 3138 νέμονται,
1281 3067 1385 3123 τοῦ
1410 3089 1474 3124 τε
1505 3063 1811 3143 Βοσπόρου
1844 3070 1954 3127 τοῦ

348 3146 661 3220 Κιμμερίου
705 3148 778 3205 τοὶ
822 3150 963 3224 πρὸς
1010 3150 1250 3225 ἑσπέρης
1297 3151 1390 3210 καὶ
1440 3156 1542 3229 τῆς
1594 3153 1797 3229 λίμνης
1846 3158 1958 3230 τῆς

347 3228 671 3300 Μαιήτιδος,
712 3233 882 3309 μέχρι
922 3234 1190 3299 Τανάϊδος
1234 3244 1493 3318 ποταμοῦ
1539 3238 1601 3304 ὃς
1643 3239 1856 3300 ἐκδιδοῖ
1897 3246 1960 3306 ἐς
