2250 3500
283 124 569 191 184—186]
977 125 1209 178 KAmo.
1820 125 1885 174 91

280 206 457 282 τῆσδε
495 208 598 280 τῆς
629 203 932 281 θαλάσσης
955 208 1012 268 ἐς
1037 206 1375 280 Βαβυλῶνα,
1405 202 1811 266 καταπλέοντες
1836 207 1893 266 ἐς

279 293 384 354 τόν
413 291 719 368 Εὐφρήτην
749 291 1006 369 ποταμόν
1034 292 1155 369 τρίς
1177 318 1241 352 τε
1268 297 1325 356 ἐς
1347 291 1452 369 τὴν
1488 291 1661 367 αὐτὴν
1684 289 1891 367 ταύτην

283 379 476 457 κώμην
513 380 914 460 παραγίνονται
954 379 1047 438 καὶ
1087 385 1147 440 ἐν
1184 380 1340 455 τρισὶ
1379 378 1643 458 ἡμέρῃσι.
1722 380 1893 438 τοῦτο

280 470 388 544 μὲν
413 467 484 543 δή
502 471 724 528 τοιοῦτο
752 467 998 542 ἐποίησε,
1018 470 1187 546 χῶμα
1214 466 1274 525 δὲ
1296 466 1592 544 παρέχωσε
1617 464 1747 542 παρ’
1770 464 1891 525 ἐκά-

283 580 446 633 τερον
479 558 582 615 τοῦ
617 557 876 630 ποταμοῦ
900 554 968 613 vd
993 558 1203 634 χεῖλος,
1230 552 1387 623 ἄξιον
1413 552 1700 630 θῶυματος
1722 553 1892 634 μέγα·

285 643 386 706 θος
407 642 499 701 καὶ
513 641 656 720 ὕψος
671 640 812 702 ὅσον
830 641 891 701 τί
906 645 1048 701 ἐστι·
1078 640 1387 718 κατύπερθε
1407 640 1467 699 δὲ
1484 642 1683 718 πολλῷ
1702 641 1893 715 Βαβυ-

284 728 531 792 λῶνος”
489 754 714 806 ωρυσσε
733 729 963 807 ἔλυτρον
983 728 1155 807 λίμνῃ
1182 726 1381 810 ὀλίγον
1398 752 1456 789 τι
1478 727 1893 804 παρατείνουσα

285 813 399 876 ‹in-6
438 819 540 876 τοῦ
536 819 859 928 Ἡπωαμοῦ,
877 815 1060 892 βάθος
1093 818 1197 893 μὲν
1232 820 1288 878 ἐς
1320 813 1387 876 τό
1414 813 1558 892 ὕδωρ
1598 813 1686 873 ἀεὶ
1724 811 1891 890 ορύσ-

285 927 476 963 σουσα
508 929 662 982 ευρος
702 903 761 962 δε
792 928 860 962 το
897 904 1227 981 περίμετρον
1252 901 1421 963 αὐτοῦ
1447 906 1687 962 ποιεῦσα
1714 901 1899 963 εἴκοσί

285 1015 350 1049 τε
369 991 460 1049 καὶ
477 991 850 1069 τετρακοσίων
867 991 1127 1052 σταδίων·
1154 989 1255 1052 τὸν
1270 989 1381 1050 δὲ’
1350 989 1735 1068 ορυσσόμενον
1753 993 1893 1070 χοῦν

288 1081 350 1136 ἐκ
384 1077 584 1138 τούτου
614 1081 715 1138 τοῦ
742 1076 1056 1159 ὀρύγματος
1089 1076 1392 1157 ἀναισίμου
1422 1078 1577 1156 παρὰ
1601 1077 1671 1138 τὰ
1696 1079 1893 1158 χείλεα

285 1168 387 1225 τοῦ
405 1169 659 1243 ποταμοῦ
678 1165 1059 1244 παραχέουσα,
1082 1165 1206 1226 ἐπεί
1218 1191 1282 1226 τε
1302 1165 1364 1225 δέ
1382 1169 1436 1225 οἱ
1456 1164 1681 1243 ὥρυκτο,
1698 1165 1891 1230 λίθους

286 1250 612 1332 ἀγαγομένη
639 1253 878 1330 κρηπῖδα
905 1251 1088 1332 κύκλῳ
1108 1253 1237 1330 περὶ
1257 1251 1431 1330 αύτήν
1450 1250 1655 1328 ἤλασε.
1714 1253 1914 1313 ἐποίεε·

285 1339 349 1398 δὲ
381 1338 678 1418 ἀμφότερα
709 1343 904 1410 ταῦτα,
930 1339 1030 1402 τόν
1063 1365 1128 1400 τε
1162 1340 1417 1416 ποταμόν
1447 1340 1684 1400 σκολιόν
1709 1341 1801 1399 καὶ
1825 1340 1893 1401 τὰ

285 1424 510 1506 ὄρυγμα
544 1431 657 1489 πᾶν
698 1428 840 1499 ἕλος,
875 1427 947 1491 ὥς
983 1427 1016 1487 ὅ
1041 1453 1104 1488 τε
1142 1425 1395 1505 ποταμός
1424 1425 1769 1504 βραδύτερος
1803 1427 1889 1504 εἴη

283 1516 414 1592 περὶ
454 1514 675 1591 καμπὰς
711 1515 936 1578 πολλσῖς
966 1513 1286 1597 α’γνύμενος,
1327 1514 1420 1598 καὶ
1461 1517 1516 1575 οἶ
1549 1513 1722 1573 πλόοι
1762 1514 1895 1574 ἔωσι

286 1602 512 1662 σκολιοὶ
533 1607 588 1666 ἐς
606 1602 710 1678 τήν
730 1604 1067 1679 Βαβυλῶνα,
1089 1604 1149 1662 ἔκ
1175 1628 1237 1665 τε
1262 1605 1373 1663 τῶν
1392 1600 1585 1662 πλόων
1612 1601 1893 1677 ἐκδέκηται

284 1691 538 1769 περίοδος
561 1694 662 1767 τῆς
685 1692 887 1768 λίμνης
905 1690 1112 1769 μακρή.
1172 1689 1313 1753 κατοῖ
1337 1693 1504 1751 τοῦτο
1531 1690 1591 1750 δὲ
1611 1688 1893 1773 εἰργάζετο

283 1782 388 1855 τῆς
409 1778 593 1859 χώρης
610 1783 682 1857 τῇ
708 1780 847 1839 αἵτε
869 1780 1115 1857 ἐσβολαὶ
1134 1778 1285 1857 ἦσαν
1310 1780 1402 1839 καὶ
1419 1779 1491 1840 τοὶ
1512 1777 1767 1855 σύντομα
1792 1782 1893 1855 τῆς

286 1871 348 1926 ἐκ
387 1867 597 1943 Μήδων
633 1867 780 1937 ὁδοῦ,
810 1867 902 1927 ἵνα
930 1866 1012 1945 μὴ
1045 1866 1475 1951 ἐπιμισγόμενοι
1501 1870 1555 1929 οἶ
1582 1868 1774 1943 Μῆδοι
1808 1872 1893 1928 ἐκ·

281 1954 613 2031 μανθάνοιεν
647 1953 817 2031 αὐτῆς
846 1954 919 2016 τὰ
943 1953 1267 2037 πρήγματα.
1349 1960 1537 2017 Ταῦτα
1563 1957 1667 2033 μὲν
1694 1953 1762 2029 δὴ
1791 1960 1851 2014 ἐκ
1872 1956 1987 2020 186

281 2042 497 2119 βάθεος
518 2043 911 2121 περιεβάλετο,
929 2043 1149 2119 τοιήνδε
1174 2043 1234 2103 δὲ
1259 2043 1323 2113 ἐξ
1340 2042 1521 2102 αὐτῶν
1540 2040 1893 2118 παρενθήκην

284 2128 610 2207 ἐποιήσατο·
655 2135 758 2207 τῆς
781 2129 982 2195 πόλιος
1013 2129 1217 2206 ἐούσης
1252 2129 1351 2190 δύο
1386 2130 1670 2206 φαρσέων,
1697 2132 1799 2188 τοῦ
1832 2129 1893 2188 δὲ

282 2223 543 2297 ποταμοῦ
569 2219 750 2296 μέσον
777 2220 1020 2299 ἔχοντος,
1051 2219 1143 2279 ἐπὶ
1168 2223 1277 2279 τῶν
1302 2216 1577 2294 πρότερον
1599 2215 1892 2293 βασιλέων

283 2304 428 2369 ὅκως
457 2332 541 2370 τις
578 2307 767 2367 ἐθέλοι
802 2312 864 2365 ἐκ
895 2310 997 2366 τοΐ
1035 2306 1223 2384 ἐτέρου
1259 2304 1515 2383 φάρσεος
1553 2309 1608 2368 ἐς
1632 2301 1894 2381 τοῦτερον

285 2393 567 2470 διαβῆναι,
613 2399 760 2473 χρῆν
798 2396 980 2473 πλοίῳ
1020 2394 1347 2471 διαβαίνειν·
1391 2394 1485 2453 καὶ
1526 2392 1613 2468 ἦν,
1662 2391 1733 2456 ὦς
1784 2391 1893 2475 ἐγῶ

285 2480 472 2553 δοκέω,
509 2481 761 2561 ὁχληρόν
799 2486 987 2541 τοῦτο·
1031 2482 1170 2559 αὕτη
1212 2482 1272 2541 δὲ
1312 2482 1405 2540 καὶ
1442 2482 1889 2559 τοῦτοοπροεῖδε·

285 2571 412 2629 ἐπεί
430 2596 492 2629 τε
515 2570 626 2651 γοῖρ
649 2568 876 2647 ὤρυσσε
894 2568 959 2630 τό
981 2571 1213 2647 ἔλυτρον
1230 2573 1303 2649 τῇ
1322 2571 1511 2650 λίμνῃ,
1530 2569 1892 2647 μνημόσυνον

281 2654 412 2716 τόδε
450 2655 600 2717 ἄλλο
641 2655 754 2717 uta-6
786 2661 888 2717 τοῦ
925 2656 1096 2717 αὐτοῦ
1134 2658 1299 2738 ἔργου
1334 2658 1579 2717 ἐλίπετο·
1624 2656 1889 2734 ἐτάμνετο

282 2744 478 2808 λίθους
508 2743 866 2823 περιμήκεας·
914 2744 986 2807 ὥς
1025 2744 1089 2805 δέ
1125 2771 1181 2805 οι
1220 2744 1371 2819 ἦσαν
1404 2748 1458 2805 οἶ
1489 2744 1644 2804 λίθοι
1678 2746 1891 2819 ἑτοῖμοι

283 2832 377 2890 καὶ
400 2832 468 2892 τό
492 2833 698 2911 χωρίον
727 2829 1024 2943 ὅρωρυηκτο,
1053 2832 1376 2910 ἐκτρέψασα
1405 2835 1505 2891 τοῦ
1540 2833 1799 2906 ποταμοῦ
1822 2827 1889 2888 τό

280 2919 514 2998 ῥέεθρον
537 2925 652 2980 πᾶν
689 2924 745 2983 ἐς
780 2919 846 2979 τό
879 2918 1102 2997 ὤρυσσε
1134 2920 1355 2997 χωρίον,
1386 2923 1443 2977 ἐν
1465 2922 1542 2996 τῷ
1570 2918 1891 2993 ἐπίμπλατο

281 3010 449 3067 τοῦτο
477 3012 535 3067 ἐν
558 3007 736 3087 τούτῳ
769 3006 1231 3083 ἀπεξηρασμένου
1255 3010 1357 3066 τοῦ
1384 3005 1619 3083 ἀρχαίου
1643 3004 1887 3081 ῥεέθρου,

281 3099 448 3155 τοῦτο
462 3098 567 3172 μὲν
590 3095 664 3154 τοὶ
681 3100 878 3173 χείλεα
895 3099 995 3154 τοῦ
1020 3097 1295 3171 ποταμοῦ,
1326 3093 1465 3152 κατοὶ
1489 3091 1592 3166 τὴν
1610 3091 1779 3150 πόλιν
1798 3092 1892 3149 καὶ

281 3182 386 3244 τοὶς
412 3181 768 3259 καταβάσιας
793 3181 893 3245 τοὶς
919 3186 981 3240 ἐκ
1005 3185 1116 3241 τῶν
1154 3179 1401 3239 πυλίδων
1428 3184 1483 3240 ἐς
1508 3176 1607 3236 τᾶν
1633 3178 1890 3256 ποταμόν

283 3267 587 3346 φερούσας,
614 3266 1022 3346 ἀνοικοδόμησε
1045 3267 1343 3327 πλίνθοισι
1367 3263 1597 3342 ὀπτῇσι,
1624 3264 1765 3325 κατὰ
1789 3264 1891 3325 τᾶν
