2250 3500
315 135 376 184 10
912 132 1278 182 ἨΡΟΔΟΤΟΤ
1828 135 1897 199 [I-

312 212 441 275 ἷδῶν
463 238 526 274 τε
553 214 733 274 ἐκεῖνα
757 211 791 274 ὅ
826 211 1000 288 κήρυξ
1033 211 1124 272 καὶ
1150 212 1307 276 εἶπας
1330 211 1471 290 πρὸς
1496 209 1914 289 Θρασύβουλον

309 300 412 365 τοῖς
437 299 666 365 ἐντολὰς
682 305 784 360 τοῦ
803 300 989 360 Λυδοῦ
1018 299 1242 376 ἀπῆλθε
1263 305 1318 363 ἐς
1340 299 1441 362 τὰς
1467 299 1686 376 Σάρδις,
1709 298 1780 363 ὥς
1807 297 1914 381 ἐγώ

310 388 675 466 πυνθάνομαι,
725 387 791 446 δι’
839 387 997 448 οὐδὲν
1051 385 1203 446 ἄλλο
1256 388 1469 468 ἐγένετο
1522 386 1561 464 ἦ
1614 386 1915 468 διαλλαγή·

313 476 550 547 ἐλπίζων
573 474 685 557 γὰρ
711 475 744 535 ὁ
769 474 1083 551 Ἀλυάττης
1109 475 1397 551 σιτοδηΐην
1422 501 1485 534 τε
1512 474 1651 534 εἶναι
1678 474 1917 553 ἰσχυρὴν

312 567 372 623 ἐν
394 566 467 641 τῇ
493 563 734 643 Μιλήτῳ
762 563 855 624 καὶ
878 562 979 624 τόν
1006 562 1151 623 λεῶν
1175 562 1477 639 τετρύσθαι
1504 568 1559 626 ἐς
1581 560 1648 622 τὰ
1676 563 1917 641 ἔσχατον

312 654 499 721 κακοῦ,
512 647 678 728 ἤκουε
692 655 794 712 τοῦ
813 650 1050 727 κήρυκος
1065 650 1449 727 νοστήσαντος
1466 655 1525 710 ἐκ
1539 654 1641 727 τῆς
1655 649 1917 759 Μιλήτου

309 763 440 802 τους
465 739 740 803 ἐναντίους
765 736 1026 819 λόγους
991 765 1027 814 η
1048 764 1120 802 ως
1148 737 1313 803 αὐτὸς
1339 737 1642 798 κατεδόκεε·
1676 763 1819 816 μετα
1799 736 1913 809 δὲ,

309 824 350 902 ἥ
373 852 436 886 τε
461 825 744 907 διαλλαγή
765 830 925 902 σφι’
899 825 1116 904 εγένετο
1139 825 1221 885 ἐπ’
1240 824 1285 904 ᾧ
1300 851 1364 886 τε
1385 826 1590 895 ξείνους
1605 824 1918 901 ἀλλήλοισι

309 911 451 974 εἶναι
486 914 578 972 καὶ
611 912 950 991 ξυμμάχους,
992 914 1086 971 καὶ
1119 911 1218 972 δύο
1250 938 1315 972 τε
1350 911 1474 973 αντὶ
1507 912 1626 976 ἑνος
1658 938 1822 988 νηους
1844 917 1916 992 τῇ

310 998 581 1078 Ἀθηναίῃ
623 998 949 1078 ὥκοδόμησε
988 1026 1021 1059 ο
1061 997 1375 1076 Ἀλυάττης
1417 1004 1476 1059 ἐν
1511 1003 1586 1077 τῇ
1623 999 1914 1078 Ἀσσησῷ,

310 1085 479 1150 αὐτός
501 1112 564 1147 τε
597 1092 657 1146 ἐκ
688 1091 789 1164 τῆς
820 1085 1026 1147 νούσου
1052 1085 1280 1164 ἀνέστη.
1363 1085 1505 1146 κατὰ
1526 1089 1631 1163 μὲν
1653 1086 1752 1146 τᾶν
1775 1088 1915 1164 πρός

311 1175 634 1251 Μιλησίους
671 1200 734 1236 τε
774 1174 868 1235 καὶ
906 1173 1320 1253 Θρασύβουλον
1349 1173 1601 1252 πόλεμον
1635 1173 1915 1254 Ἀλυάττῃ

313 1259 418 1322 ὦδε
444 1264 598 1342 ἔσχε.

218 1351 294 1410 23
395 1350 736 1429 Περίανδρος
761 1350 820 1409 δὲ
849 1348 921 1426 ἦν
947 1351 1220 1429 Κυψέλου
1243 1351 1391 1421 παῖς,
1418 1347 1577 1414 οὗτος
1602 1348 1635 1411 ὅ
1664 1354 1743 1430 τῷ
1766 1357 1914 1428 Θρα-

310 1438 581 1518 συβούλῳ
622 1437 688 1499 rc>
728 1437 1073 1517 χρηστήριον
1110 1436 1384 1515 μηνύσας.
1432 1436 1745 1516 ἐτυράννευε
1782 1439 1843 1498 δὲ
1880 1439 1917 1500 ὅ

311 1527 652 1604 Περίανδρος
713 1527 1012 1603 Κορίνθου.
1076 1529 1155 1605 τῷ
1204 1525 1273 1602 δὴ
1331 1525 1570 1607 λέγουσι
1626 1528 1915 1602 Κορίνθιοι

311 1612 718 1694 (ὁμολογέουσι
763 1613 829 1673 δέ
871 1619 985 1690 σφι
1029 1613 1301 1696 Λέσβιοι)
1345 1618 1404 1673 ἐν
1446 1617 1524 1692 τῷ
1566 1615 1678 1693 βίῳ
1722 1613 1915 1691 θῶυμα

308 1701 580 1783 μέγιστον
620 1705 992 1780 παραοηῆναι,
1017 1698 1247 1779 Ἀρίονα
1282 1699 1381 1761 τόν
1420 1701 1790 1781 Μηθυμναῖον
1822 1702 1915 1762 ἐπὶ

310 1789 574 1865 δελφῖνος
601 1789 975 1868 ἐξενειχθέντα
1001 1789 1093 1849 ἐπὶ
1117 1789 1407 1868 Ταίναρον,
1429 1788 1590 1850 ἐόντα
1614 1790 1915 1871 κιθαρῳδὸν

307 1879 420 1947 τῶν
458 1874 586 1937 τότε
631 1875 828 1937 ἐόντων
869 1874 1087 1941 οὖδενός
1128 1874 1394 1954 δεύτερον,
1436 1878 1530 1936 καὶ
1568 1876 1914 1957 διθύραμβον

308 1960 852 2042 πρῶτονανθρῶπων
882 1968 995 2023 τῶν
1017 1962 1180 2042 ἡμεῖς
1203 1962 1360 2041 ἴδμεν
1383 1964 1700 2041 ποιήσαντά
1726 1990 1790 2026 τε
1820 1966 1914 2025 καὶ

215 2050 292 2112 24
310 2050 669 2129 ὀνομάσαντα
707 2052 800 2111 καὶ
837 2050 1132 2121 διδάξαντα
1170 2055 1230 2111 ἐν
1270 2052 1545 2133 Κορίνθῳ·
1583 2055 1780 2113 τοῦτον
1815 2052 1914 2114 τόν

309 2137 536 2217 Ἀρίονα
559 2140 814 2220 λέγουσι,
833 2138 933 2201 τὸν
956 2138 1179 2200 πολλᾶν
1202 2142 1303 2201 τοῦ
1327 2138 1533 2218 χρόνου
1558 2140 1915 2219 διατρίβοντα

308 2228 462 2305 παρὰ
495 2228 831 2307 Περιάνδρῳ,
862 2228 1207 2304 ἐπιθυμῆσαι
1236 2231 1467 2289 πλῶσαι
1492 2233 1547 2292 ἐς
1577 2226 1823 2303 Ἰταλίην
1851 2254 1914 2289 τε

311 2316 405 2373 καὶ
426 2315 704 2389 Σικελίην·
734 2314 1117 2395 ἐργασάμενον
1136 2314 1197 2372 δὲ
1220 2312 1483 2390 χρήματα
1505 2313 1731 2393 μεγάλα
1749 2316 1914 2389 θελῆ-

309 2426 412 2461 σαι
437 2400 618 2461 ὀπίσω
645 2404 700 2463 ἐς
725 2399 1005 2476 Κόρινθον
1029 2398 1351 2458 ἀπικέσθαι·
1386 2398 1674 2476 ὁρμᾶσθαι
1696 2399 1801 2475 μέν
1818 2426 1915 2461 νυν

309 2493 374 2559 ἐκ
421 2486 716 2565 Τάραντος,
763 2484 1100 2546 πιστεύοντα
1152 2484 1213 2545 δὲ
1263 2484 1557 2563 οὐδαμοῖσι
1604 2489 1833 2562 μᾶλλον
1872 2486 1913 2566 ἢ

310 2574 680 2651 Κορινθίοισι,
705 2571 1114 2651 μισθώσασθαι
1132 2575 1337 2633 πλοῖον
1356 2572 1566 2650 ἀνδρῶν
1585 2575 1911 2651 Κορινθίων·

307 2662 436 2725 τούς
461 2662 522 2721 δὲ
547 2666 604 2721 ἐν
622 2666 699 2740 τῷ
722 2659 958 2741 πελάγει
981 2658 1366 2736 ἐπιβουλεύειν
1383 2660 1483 2721 τὸν
1498 2660 1725 2739 Ἀρίονα
1745 2664 1912 2740 ἐκβα-

308 2748 512 2813 λοντας
560 2750 704 2828 ἔχειν
747 2748 820 2809 τοὶ
867 2747 1150 2828 χρήματα·
1202 2748 1302 2809 τὸν
1351 2749 1413 2808 δὲ
1461 2751 1698 2810 συνέντα
1744 2754 1912 2811 τοῦτο

308 2838 637 2907 λίσσεσθαι,
691 2835 954 2916 χρήματα
1003 2836 1109 2913 μέν
1153 2843 1268 2914 σφι
1312 2838 1575 2916 προϊέντα
1620 2836 1806 2917 ψυχήν
1852 2838 1912 2898 δὲ

307 2924 757 3004 παραιτεόμενον·
785 2948 958 2984 ουκων
973 2922 1041 2999 δὴ
1057 2924 1268 2985 πείθειν
1282 2924 1449 2986 αὐτον
1463 2924 1731 2986 τούτοισι·
1757 2925 1912 2985 α’λλα

310 3012 552 3074 κελεύειν
568 3038 697 3076 τους
720 3007 1066 3089 πορθμέας
1029 3036 1066 3087 η
1087 3009 1255 3073 αὐτὸν
1274 3012 1621 3092 διαχρᾶσθαί
1636 3039 1735 3093 μιν
1753 3012 1824 3077 ὥς
1843 3011 1911 3074 ἂν

305 3103 495 3177 ταφῆς
529 3105 588 3161 ἐν
619 3104 697 3182 γῇ
729 3098 888 3178 τύχῃ,
914 3096 952 3177 ἢ
986 3098 1229 3179 ἐκπηδᾷν
1254 3104 1311 3165 ἐς
1342 3101 1446 3176 τήν
1482 3100 1786 3163 θάλασσαν
1807 3100 1911 3177 τὴν

304 3187 600 3265 ταχίστην·
652 3187 1024 3263 ἀπειληθέντα
1062 3186 1123 3245 δὲ
1161 3186 1260 3248 τᾶν
1296 3187 1523 3269 Ἀρίονα
1562 3195 1617 3254 ἐς
1656 3190 1907 3267 ἀπορίην,

306 3272 782 3350 παραιτήσασθαι,
825 3273 1013 3351 ἐπειδή
1051 3280 1165 3351 σφι
1204 3274 1345 3336 οὕτω
1384 3276 1580 3349 δοκέοι,
1620 3276 1911 3350 περιῖδέειν
