2250 3500
325 112 551 180 73—76]
890 113 1357 188 mmmmm.
1837 121 1931 170 309

322 193 556 270 σκάφην
576 194 830 272 κειμένην
851 200 909 254 ἐν
926 189 1084 274 μέσιρ
1099 189 1210 256 τῶν
1229 195 1408 265 ξύλων
1421 223 1484 258 τε
1501 197 1717 259 καὶτῶν
1731 198 1932 258 πίλων·

315 280 487 341 Ἐστι
527 281 591 340 δέ
627 287 739 358 σφι
780 281 1050 357 κάνναβις
1090 283 1344 359 φυομένη
1385 288 1444 343 ἐν
1478 288 1550 364 τῇ
1585 285 1744 365 χώρῃ
1779 285 1935 362 πλήν
1953 287 2030 348 74

322 367 646 448 παχύτητος
669 368 760 427 καὶ
778 367 1053 450 μεγάθεος
1074 373 1152 447 τῷ
1172 369 1308 448 λίνῳ
1325 371 1733 448 ε’μφερεστάτ-η·
1759 374 1934 454 ταύτῃ

324 453 385 514 δὲ
410 458 611 535 πολλῷ
635 454 937 533 ὕπερφέρει
963 455 1002 532 ἦ
1030 454 1316 532 κάνναβις·
1346 455 1490 533 αὕτη
1516 459 1607 517 καὶ
1645 457 1932 540 αὐτομάτη

324 543 421 602 καὶ
460 543 801 621 σπειρομένη
845 543 1065 619 φύεται·
1108 544 1202 602 καὶ
1243 543 1307 613 ἐξ
1343 543 1514 619 αὐτῆς
1557 544 1791 621 Θρήϊκες
1830 550 1936 624 μὲν

326 629 419 688 καὶ
445 630 645 706 εἵματα
674 633 960 690 ποιεῦνται
984 633 1140 690 τοῖσι
1177 631 1415 690 λινέοισι
1448 629 1774 708 ὁμοιότατα·
1817 633 1930 694 οὐδ’

326 713 395 776 ἂν
432 716 589 780 ὅστις
611 716 694 794 μή
729 716 906 794 κάρτα.
929 711 1144 794 τρίβων’
1169 719 1254 795 εἴη
1279 717 1449 794 αῦτῆς
1477 718 1746 802 διαγνοίη,
1773 721 1933 782 λίνου

324 802 363 880 ἢ
404 803 707 881 καννάβιός
746 809 889 865 ἔστι·
932 803 995 868 ὃς
1028 805 1089 864 δὲ
1118 805 1201 882 μή
1236 805 1347 865 εἶδέ
1370 832 1447 864 κω
1472 807 1578 883 τήν
1604 808 1930 883 κανναβίδα,

326 892 513 952 λίνεον
529 890 759 968 δοκήσει
781 891 920 952 εἶναι
934 892 1000 953 τό
1022 891 1170 970 εἷμα·
1197 891 1413 969 Ταύτης
1435 891 1508 953 ὦν
1528 897 1582 954 οἱ
1604 893 1815 960 Σκύθαι
1832 901 1932 972 τῆς
1951 898 2046 960 ’ἴδ’

328 977 630 1057 καννάβιος
654 979 721 1040 vo*
748 981 979 1057 σπέρμα
1004 980 1173 1041 ε’πεάν
1198 980 1446 1057 λάβωσι,
1463 979 1800 1044 ὑποδύνουσι
1819 983 1929 1046 ὖπὸ

324 1065 458 1130 τοῦς
482 1067 703 1137 πίλους,
732 1067 825 1127 καὶ
850 1069 1040 1128 ἔπειτα
1077 1069 1464 1145 ἐπιβάλλουσι
1489 1069 1556 1130 τό
1582 1072 1812 1149 σπέρμα
1839 1073 1932 1134 ε’πὶ

323 1153 454 1217 τοῦς
481 1153 782 1231 διαφανέας
807 1155 1001 1219 λίθους
1023 1158 1101 1235 τῷ
1127 1156 1280 1232 πυρί·
1318 1156 1386 1216 τὸ
1419 1157 1478 1215 δὲ
1515 1157 1780 1235 θυμιῆται
1817 1165 1930 1220 ε’πι-

322 1240 703 1318 βαλλόμενον,
744 1243 837 1302 καὶ
868 1242 1073 1318 ἀτμίδα
1105 1245 1408 1322 παρέχεται
1443 1246 1742 1322 τοσαύτην,
1781 1246 1926 1308 ὥστε

322 1327 630 1404 Ἑλληνική
660 1328 888 1406 οὐδεμία
912 1328 982 1389 ἀν
1004 1354 1103 1407 μιν
1128 1331 1300 1407 πυρίη
1327 1329 1758 1408 ἀποκρατήσειε·
1787 1337 1841 1392 οἶ
1867 1335 1928 1394 δὲ

324 1417 537 1481 Σκύθαι
583 1415 853 1498 ἀγάμενοι
896 1419 969 1494 τῇ
1012 1417 1184 1494 πυρίῃ
1233 1415 1520 1494 ὠρύονται.
1600 1418 1770 1479 τοῦτό
1818 1426 1931 1496 σφι

324 1502 449 1563 ἀντὶ
473 1507 715 1581 λουτροῦ
743 1504 887 1564 ε’στί·
916 1501 982 1564 οὗ
1006 1503 1119 1584 γὰρ
1145 1503 1214 1578 δὴ
1241 1507 1471 1564 λοῦνται
1488 1504 1646 1564 ὕδατι
1663 1505 1731 1565 τὸ
1751 1507 1928 1584 παρά-

321 1615 438 1651 παν
452 1591 518 1651 τό
537 1596 721 1672 σῶμα·
744 1594 803 1651 αἱ
819 1591 878 1650 δὲ
892 1594 1147 1672 γυναῖκες
1164 1589 1506 1670 αὕτῶν,ῧδ,ωρ
1522 1593 1924 1672 παραχέουσαι,

327 1679 729 1760 κατασώχουσι
748 1679 879 1756 περὶ
904 1679 1070 1740 λίθον
1094 1679 1307 1760 τρηχῦν
1331 1683 1432 1756 τῆς
1453 1681 1820 1760 κυπαρίσσου,
1840 1683 1934 1742 καὶ

322 1768 536 1844 κέδρου,
572 1768 665 1827 καὶ
707 1765 952 1844 λιβάνου
994 1766 1186 1837 ξύλου·
1229 1768 1323 1828 καὶ
1357 1770 1543 1830 ἔπειτα
1580 1769 1646 1830 τὰ
1682 1794 1930 1831 κατασω-

320 1854 563 1934 χόμενον
599 1858 787 1929 τοῦτο,
814 1853 969 1933 παχῦ
1012 1855 1121 1926 ε’ὂν,
1163 1855 1665 1918 καταπλάσσονται
1703 1863 1817 1919 πᾶν
1854 1859 1922 1920 τὰ

324 1945 493 2019 σῶμα
526 1943 618 2002 καὶ
651 1942 717 2003 τό
754 1942 1078 2020 πρόσωπον·
1119 1943 1212 2001 καὶ
1243 1944 1361 2019 ἅμα
1385 1946 1491 2019 μὲν
1517 1944 1710 2021 εῦωδίη
1739 1946 1923 2022 σφέας

322 2028 437 2089 ἀπό
478 2031 677 2090 τούτου
718 2031 885 2109 ἴσχει,
930 2028 1049 2105 ἅμα
1091 2028 1154 2088 δὲ
1187 2028 1554 2106 ἀπαιρέουσαι
1587 2035 1660 2109 τῇ
1698 2032 1921 2111 δευτέρῃ

320 2116 504 2197 ἡμέρῃ
533 2118 639 2193 τήν
672 2116 1076 2178 καταπλαστῦν
1109 2116 1360 2197 γίνονται
1395 2117 1634 2195 καθαραὶ
1667 2119 1760 2176 καὶ
1785 2122 1930 2196 λαμ-

321 2205 479 2281 πραί.
1261 2216 1276 2228 “

402 2294 709 2355 Ξεινικοῖσι
741 2290 803 2353 δὲ
836 2292 1122 2369 νομαίοισι
1155 2290 1248 2351 καὶ
1285 2288 1438 2352 οὗτοι
1475 2292 1652 2355 αἰνῶς’
1669 2292 1922 2371 χρᾶσθαι
1940 2292 2017 2354 76

310 2378 615 2460 φεύγουσι,
641 2378 779 2456 μήτι
802 2404 871 2460 γε
898 2378 971 2438 ὦν
997 2378 1281 2453 ἀλλήλων,
1311 2378 1704 2455 Ἑλληνικοῖσι
1738 2380 1799 2439 δὲ
1831 2382 1923 2441 καὶ

318 2465 543 2541 ἥκιστα,
572 2465 642 2529 ὥς
668 2466 912 2536 διέδεξαν
935 2465 1283 2546 Ἀνάχαρσίς
1307 2492 1371 2528 τε
1395 2467 1488 2527 καὶ
1520 2466 1746 2546 δεύτερα
1776 2466 1930 2533 αὖτις

322 2553 581 2630 Σκύλης.-
642 2557 810 2614 τοῦτο
854 2554 959 2632 μὲν
997 2553 1111 2635 γάρ
1153 2553 1511 2634 Ἀνάχαρσις,
1558 2557 1682 2616 ε’πεί
1717 2581 1782 2616 τε
1819 2562 1929 2638 γῆν

318 2640 547 2715 πολλὴν
564 2640 851 2718 θεωρήσας
866 2642 957 2700 καὶ
974 2640 1383 2719 ἀποδεξάμενος
1397 2640 1515 2701 κατ’
1524 2641 1696 2719 αὗτήν
1711 2645 1926 2719 σοφίην

318 2723 548 2803 πολλὴν
591 2728 875 2805 ἐκομίζετο
915 2733 971 2793 ἐς
1008 2726 1151 2805 ἤθεα
1188 2728 1260 2788 τά
1309 2728 1579 2802 Σκυθέων,
1621 2730 1809 2789 πλέων
1855 2730 1926 2789 δι’

316 2814 752 2890 Ἑλλησπόντου
786 2816 1094 2894 προσίσχει
1130 2820 1185 2877 ἐς
1217 2814 1474 2887 Κύζικον,
1505 2816 1614 2886 καὶ,
1653 2814 1778 2892 εὗρε
1811 2816 1923 2895 γάρ

267 2943 272 2948 -
318 2905 393 2980 τῇ
412 2903 604 2980 Μητρὶ
619 2907 731 2963 τῶν
752 2903 889 2962 θεῶν
910 2902 1217 2983 ἀνάγοντας
1234 2901 1364 2965 τοῦς
1386 2902 1725 2979 Κυζικηνοῦς
1751 2902 1922 2980 ὁρτήν

320 2988 500 3066 κάρτα
521 2991 1007 3071 μεγαλοπρεπέως,
1038 2988 1233 3058 εὔξατο
1262 2992 1334 3067 τῇ
1367 2983 1558 3066 Μητρὶ
1589 2988 1622 3049 ὁ
1651 2989 1926 3069 Ἀνάχαρ·

315 3101 429 3146 σις,
455 3074 525 3152 ἦν
552 3081 666 3139 σῶς
692 3077 783 3135 καὶ
808 3076 967 3157 ὑγιὴς
994 3075 1365 3155 ἀπονοστήσῃ
1393 3082 1449 3140 ἐς
1481 3080 1697 3152 ἑωυτοῦ,
1730 3078 1924 3138 θύσειν

319 3188 384 3223 τε
410 3164 551 3223 κατά
580 3164 757 3224 ταῦτά
784 3164 923 3223 κατὰ
950 3164 1022 3223 τά
1059 3164 1164 3241 ὅρα
1188 3164 1318 3227 τοῦς
1344 3164 1684 3239 Κυζικηνοῦς
1709 3169 1921 3226 ποιεῦν-

317 3274 421 3313 τας
461 3252 553 3309 καὶ
589 3244 899 3329 παννυχίδα
940 3250 1196 3327 στήσειν·
1250 3250 1322 3315 ὦς
1357 3246 1417 3311 δὲ
1452 3250 1682 3313 ἀπίκετο
1723 3258 1778 3316 ἔς
1817 3252 1922 3329 τὴν
