2250 3500
346 139 414 187 30
945 135 1314 186 ΗΡοΔοτοτ
1868 129 1939 197 [1

341 213 740 294 ἀπρόσμικτοι.
818 215 1143 293 μετέβαλον
1180 215 1241 275 δὲ
1280 211 1385 274 ὦδε
1424 218 1480 277 ἐς
1512 210 1786 290 εὖνομίην·
1833 218 1944 272 Λυ-

343 300 599 384 κούργου,
624 328 736 363 των
763 302 1151 380 Σπαρτιητέων
1178 300 1407 378 δοκίμου
1440 297 1654 377 ἅνδρος,
1683 297 1948 364 ἐλθόντος

344 394 403 455 ἐς
428 389 693 465 Δελφους
719 392 812 450 ἐπὶ
834 391 900 450 τὰ
927 387 1289 470 χρηστήριον,
1316 387 1390 452 ὥς
1422 385 1577 463 ἐσήϊε
1603 391 1659 452 ἐς
1681 412 1749 448 το
1774 386 1947 468 μέγα·

341 502 443 556 ρον
469 475 628 541 εὐθύς
649 477 688 554 ἤ
714 478 902 554 Πυθίη
927 478 1083 559 λέγει
1104 476 1256 538 τάδε·

434 606 620 666 Ἥκεις,
660 607 702 655 ὦ
731 607 992 670 Λυκόοργε,
1034 607 1145 666 ἐμὸν
1178 606 1293 655 ποτὶ
1324 605 1467 655 πίονα
1496 605 1622 666 νηὸν,

440 679 554 738 Ζηνὶ
585 679 725 740 φίλος
757 681 838 727 καὶ
869 680 1019 728 πᾶσιν
1050 680 1265 736 ὀλύμπια
1298 676 1477 737 δώματ’
1508 678 1690 738 ἔχουσι.

441 750 552 809 aas&
585 751 621 808 ’ἤ
649 767 710 800 σε
744 751 852 798 θεὸν
881 751 1220 808 μαντεύσομαι,
1256 748 1291 808 ἢ
1326 750 1588 811 ἄνθρωπον·

441 821 554 870 ἀλλ’
589 822 663 869 ἔτι
693 821 777 870 καὶ
805 821 998 880 μᾶλλον
1030 822 1138 869 θεὸν
1171 823 1397 881 ἔλπομαι,
1435 819 1476 867 ὦ
1504 818 1765 882 Λυκόοργε.

345 935 402 992 οἶ
438 935 544 1009 μὲν
577 931 647 1007 δή
680 955 824 995 τινες
861 930 1002 1008 πρός
1037 929 1290 992 τούτοισι
1322 931 1560 1012 λέγουσι
1600 929 1693 988 καὶ
1726 929 1947 1006 φράσαι

346 1018 495 1098 αὐτῷ
515 1017 622 1095 τήν
648 1018 871 1095 Πυθίην
893 1017 994 1079 τόν
1017 1022 1116 1078 νῦν
1143 1021 1491 1079 κατεστεῶτα
1516 1015 1733 1094 κόσμον
1758 1018 1946 1094 Σπαρ-

344 1105 589 1186 τιήτῃσι·
623 1105 694 1170 ὥς
719 1104 766 1166 δ’
792 1104 948 1166 αὐτοὶ
972 1104 1400 1182 Λακεδαιμόνιοι
1424 1105 1677 1185 λέγουσι,
1697 1107 1944 1182 Λυκοῦρ-

345 1219 452 1304 γον
514 1191 991 1270 ἐπιτροπεύσαντα
1051 1191 1387 1268 Λεωβώτεω,
1451 1189 1784 1267 αδελφιδέου
1840 1195 1947 1268 μὲν

351 1285 552 1341 ἑωυτοῦ
594 1278 999 1358 βασιλεύοντος
1043 1281 1104 1341 δὲ
1155 1280 1557 1356 Σπαρτιητέων,
1606 1282 1669 1338 ἐκ
1719 1277 1948 1356 Κρήτης

347 1368 664 1480 α’γαγέσθαι
699 1371 900 1429 ταῦτα.
982 1394 1056 1433 ως
1103 1393 1217 1449 γαρ
1263 1365 1635 1444 ἐπετρόπευσε
1681 1390 1944 1444 ταχιστα,

343 1457 659 1534 μετέστησε
686 1483 760 1517 τα
785 1455 996 1534 νόμιμα
1026 1454 1227 1524 πάντα,
1256 1454 1350 1514 καὶ
1382 1452 1629 1529 ἐφύλαξε
1658 1456 1834 1512 ταῦτα
1862 1454 1945 1530 μὴ

347 1545 736 1623 παραβαίνειν·
777 1543 920 1620 μετὰ
945 1543 1022 1614 δὲ,
1045 1542 1120 1602 τοὶ
1148 1547 1202 1605 ἐς
1226 1541 1478 1618 πόλεμον
1502 1541 1773 1620 ἔχοντα,’
1746 1566 1944 1619 ενωμο-

345 1631 468 1695 τίας
507 1631 600 1691 καὶ
633 1629 930 1708 τριηκάδας
964 1629 1057 1688 καὶ
1091 1629 1381 1699 συσσίτια,
1417 1627 1557 1706 πρός
1593 1653 1657 1688 τε
1694 1626 1947 1690 τούτοισι

255 1717 331 1780 66
349 1718 478 1783 τούς
497 1716 734 1797 ἐφόρους
759 1717 852 1777 καὶ
871 1718 1135 1800 γέροντας
1160 1717 1369 1793 ἔστησε
1388 1719 1727 1797 Λυκοῦργος.
1785 1715 1947 1779 Οὕτω

347 1809 452 1884 μὲν
488 1803 906 1883 μεταβαλόντες
945 1804 1351 1883 εὖνομήθησαν.
1430 1807 1509 1883 τῷ
1546 1804 1607 1864 δὲ
1644 1803 1947 1887 Λυκούργῳ

348 1892 753 1969 τελευτήσαντι
772 1893 892 1971 ἶρόν
911 1889 1211 1970 εἱσάμενοι,
1231 1892 1501 1967 σέβονται
1525 1891 1801 1973 μεγάλως.
1855 1892 1948 1953 οἷα

351 1981 412 2041 δὲ
438 1982 495 2042 ἔν
516 2005 581 2041 τε
603 1978 758 2060 χώρῃ
781 1977 987 2061 ἀγαθῇ,
1014 1980 1108 2040 καὶ
1130 1977 1339 2055 πλήθεϊ
1362 1976 1463 2039 οὔκ
1487 1977 1694 2061 ὀλίγων
1718 1978 1945 2057 ἀνδρῶν,

350 2067 458 2130 α’νά
479 2094 544 2129 τε
569 2068 806 2147 ἔδραμον
828 2067 1026 2128 αὐτίκα
1049 2067 1145 2127 καὶ
1169 2065 1572 2143 εὗθηνήθησαν·
1614 2067 1707 2127 καὶ
1738 2066 1808 2143 δή
1834 2073 1947 2144 σφι

351 2156 535 2218 οὖκέτι
552 2155 773 2236 ἀπέχρα
790 2154 1035 2235 ἡσυχίην
1053 2153 1227 2237 ἄγειν,
1247 2153 1405 2215 ἀλλὰ
1423 2153 1949 2232 καταφρονήσαντες

349 2243 634 2323 Ἀρκάδων
666 2244 966 2322 κρέσσονες
999 2242 1155 2312 εἶναι,
1184 2240 1683 2321 ἐχρηστηριάζοντο
1717 2248 1776 2304 ἐν
1803 2247 1951 2303 Δελ-

355 2336 523 2409 φοῖσι
548 2332 641 2390 ἐπὶ
669 2329 829 2409 πάσῃ
853 2333 926 2408 τῇ
948 2328 1230 2406 Ἀρκάδων
1251 2327 1427 2407 χώρῃ·
1466 2328 1506 2404 ἢ
1534 2329 1593 2389 δὲ
1625 2329 1812 2406 Πυθίη
1836 2335 1949 2406 σφι

352 2422 468 2499 χρᾷ
490 2416 641 2477 τάδε·

443 2532 706 2596 Ἀρκαδίην
734 2531 785 2592 μ’
816 2532 988 2593 αίτεῖςς
1021 2531 1156 2594 μέγα
1184 2530 1241 2591 μ’
1270 2532 1433 2582 ιιίτεῖς·
1470 2532 1526 2581 οὔ
1546 2549 1622 2581 τοι
1644 2529 1797 2582 δώσω.

454 2606 631 2655 πολλοὶ
663 2606 712 2654 ἐν
737 2604 969 2666 ’Δρκαδίη
998 2604 1346 2667 βαλανηφάγοι
1379 2603 1542 2665 ἄνδρες
1567 2605 1691 2663 ἔασι,

455 2678 505 2727 οἵ
532 2676 581 2726 σ’
617 2678 1026 2726 ἀποκωλύσουσιν.
1095 2677 1195 2737 ἐγὼ
1228 2677 1282 2725 δέ
1312 2692 1388 2725 τοι
1420 2678 1478 2723 οὔ
1507 2692 1557 2724 τι
1586 2674 1819 2739 μεγαίρω·
1848 2733 1851 2737 .

455 2750 594 2798 δώσω
624 2765 700 2797 τοι
731 2749 916 2809 Τεγέην
947 2748 1269 2809 ποσσίκροτον
1299 2748 1620 2809 ὀρχήσασθαι,

455 2824 538 2870 καὶ
569 2822 717 2870 καλὸν
749 2820 910 2868 πεδίον
941 2820 1120 2881 σχοίνῳ
1154 2820 1579 2883 διαμετρήσασθαι.

357 2923 546 2981 Ταῦτα
585 2918 657 2985 ὥς
696 2918 1090 2999 ἀπενειχθέντα
1129 2917 1380 2996 ἥκουσαν
1419 2923 1474 2981 οἳ
1512 2918 1958 2998 Λακεδαιμόνιοι,

359 3006 640 3086 Ἀρκαδων
675 3010 782 3086 μὲν
821 3011 934 3068 τῶν
978 3005 1171 3069 ἄλλων
1209 3007 1524 3088 ἀπείχοντο·
1574 3012 1629 3069 οἱ
1675 3009 1751 3079 δε,
1792 3009 1963 3074 πέδας

363 3094 677 3173 φερόμενοι,
705 3095 798 3156 ἐπὶ
826 3092 1162 3176 Τεγεήτας’
1134 3095 1545 3175 εστρατεύοντο,
1569 3100 1813 3177 χρησμῷ
1838 3097 1964 3173 κιβ-

363 3180 516 3259 δήλῳ
540 3183 766 3243 πίσυνοι
797 3181 869 3247 ὦς
894 3181 963 3259 δὴ
995 3182 1581 3262 ἐξανδραποδιούμενοι
1604 3209 1734 3248 τους
1763 3181 1965 3264 Τεγεή-

363 3290 484 3329 τας·
511 3270 850 3335 ἑσσωθέντες
867 3268 929 3330 δὲ
953 3274 1026 3349 τῆ
1052 3270 1397 3351 συμβολῇ,”
1366 3297 1495 3334 οσοι
1521 3275 1703 3334 αΰτῶν
1728 3268 1963 3350 ἐζωγρή-
