2250 3500
355 79 446 162 56'
835 133 837 137 ·
969 111 1335 162 mmmmm·
1886 111 1959 178 [1.

353 193 737 274 Ἀγβατάνων,
791 195 882 252 καὶ
927 192 1069 270 πρός
1120 197 1223 253 τοῦ
1268 191 1475 253 πόντου
1520 194 1622 253 τοῦ
1673 189 1962 262 Εὐξείνου.

353 281 526 360 ταύτῃ
572 284 676 358 μὲν
721 281 830 363 γσῖρ
876 281 915 356 ἦ
961 279 1189 357 Μηδικὴ
1212 274 1221 282 ’
1236 279 1393 359 χώρη
1436 279 1577 357 πρὸς
1630 280 1965 357 Σασπείρων

354 367 538 445 ὀρεινή
580 374 703 428 ἐστι
737 368 932 445 κάρτα·
978 367 1096 450 [καὶ
1129 367 1322 445 ὑψηλή
1362 393 1425 427 τε
1466 368 1557 426 καὶ
1596 367 1753 444 ἴδῃσι
1792 393 1963 444 συνη-

351 454 547 532 ρεφής·
588 456 626 532 ἦ
654 456 714 515 δὲ
738 455 890 532 ἅλλη
918 455 1146 532 Μηδικὴ
1180 454 1334 533 χώρη
1362 455 1486 514 ἐστὶ
1517 459 1680 514 πᾶσα
1710 453 1962 537 ἄπεδος]

356 545 476 603 ἐπεὶ
511 542 584 604 ὦν
617 544 648 604 ὁ
671 544 956 620 βουκόλος
986 543 1209 621 σπουδῇ
1243 547 1437 620 πολλῇ
1464 541 1799 618 καλεόμενος
1835 542 1961 602 ἀπί-

355 657 499 703 κετο,
529 635 686 714 ἔλεγε
711 631 744 692 ὁ
767 631 1060 712 Ἀρπαγος
1083 631 1236 690 τάδε·
1264 630 1525 690 “xenia
1548 655 1619 690 σε
1642 629 1961 710 Ἀστυάγης

351 719 418 780 τὸ
454 721 674 780 παιδίον
704 724 872 779 τοῦτο
912 717 1172 795 λαβόντα
1209 719 1384 779 θεῖναι
1420 723 1477 782 ἐς
1511 718 1577 778 τό
1616 717 1961 795 ἐρημότατον

352 812 463 867 τῶν
490 806 709 885 οὐρέων,
737 806 876 868 ὅκως
909 803 978 865 ἂν
1003 804 1249 884 τάχιστα
1275 805 1626 882 διαφθαρείη.
1708 806 1803 863 καὶ
1826 804 1960 865 τάδε

315 915 320 919 ·
352 921 443 955 τοι
469 897 726 953 ἐκέλευσε
754 896 940 964 εἰπεῖν,
968 891 1039 968 ἢν
1057 893 1139 969 μή
1162 893 1487 972 ἀποκτείνῃς
1512 892 1648 952 αὐτὰ
1672 891 1831 952 ἀλλά
1852 919 1959 972 τεῳ

352 981 540 1060 τρόπῳ
579 979 936 1060 περιποιήσῃ,
969 979 1184 1060 ὀλέθρῳ
1219 985 1295 1060 τῷ
1336 981 1579 1060 κακίστῳ
1620 1007 1691 1040 σε
1730 980 1959 1058 διαχρή-

355 1071 580 1129 σεσθαι·
640 1072 847 1146 ἐπορᾶν
899 1069 958 1128 δὲ
1012 1071 1323 1145 ἐκκείμενον
1376 1068 1738 1150 διατέταγμαι
1790 1068 1956 1148 ἐγῶ.”

262 1160 372 1217 Ill
395 1160 584 1216 Ταῦτα
615 1155 860 1220 α’,κούσ-ας
890 1156 940 1216 ὅ·
953 1156 1237 1233 βουκόλος
1268 1157 1361 1215 καὶ
1398 1154 1702 1232 ἅναλαβῶν
1730 1155 1797 1216 τό
1830 1182 1956 1216 παι-

287 1241 296 1248 ’
355 1245 473 1304 δίον
497 1242 584 1321 ἤϊε
607 1237 712 1321 τήν
739 1243 910 1320 αὖτῆν
936 1243 1118 1304 ὀπίσω
1146 1244 1291 1314 ὀδόν,
1314 1244 1406 1303 καὶ
1432 1243 1748 1304 ἀπικνέεται
1774 1248 1829 1308 ἐς
1852 1244 1957 1320 τὴν

355 1334 604 1392 ἔπαυλιν.
685 1335 762 1412 τῷ
797 1331 843 1392 δ’
868 1332 980 1410 ἄρα
1012 1333 1104 1391 καὶ
1137 1331 1284 1410 αὐτῷ
1316 1331 1354 1407 ἦ
1384 1331 1544 1412 γυνὴ,
1572 1331 1760 1401 ἐπίτεξ
1784 1336 1958 1392 ἐοῦσα

353 1425 547 1481 πᾶσαν
583 1420 812 1499 ἡμέρην,
839 1420 968 1482 τότε
1009 1445 1113 1483 κως
1156 1419 1297 1479 κατὰ
1333 1419 1569 1496 δαίμονα
1600 1419 1773 1478 τίκτει
1808 1423 1955 1499 οἰχο-

351 1510 520 1587 μένου
549 1514 648 1569 τοῦ
683 1508 972 1586 βουκόλου
1009 1513 1066 1570 ἐς
1100 1506 1288 1569 πόλιν·
1330 1505 1481 1582 ἦσαν
1515 1507 1575 1566 δὲ
1612 1511 1669 1566 ἐν
1702 1508 1957 1583 φροντίδι

353 1596 664 1673 ἀμφότεροι
690 1596 958 1671 ἀλλήλων
983 1595 1128 1672 πέρι,
1151 1593 1184 1654 ὅ
1207 1597 1311 1672 μὲν
1328 1599 1430 1654 τοῦ
1454 1593 1621 1654 τόκου
1644 1599 1745 1670 τῆς
1768 1620 1957 1675 γυναι-

353 1684 448 1746 κός
479 1683 776 1761 ἀρρωδέων,
804 1683 842 1758 ἦ
876 1683 936 1740 δὲ
969 1681 1108 1764 γυνὴ
1146 1680 1232 1741 ὅτι
1264 1680 1362 1742 οὖκ
1396 1681 1573 1744 ἐωθῶς
1606 1680 1637 1742 ὅ
1663 1680 1958 1764 Ἅρπαγος

352 1772 778 1849 μεταπέμψαιτο
819 1769 990 1845 αὐτῆς
1016 1770 1118 1830 τόν
1151 1768 1342 1848 ἄνδρα.
1412 1771 1536 1829 ἐπεί
1560 1796 1623 1830 τε
1664 1770 1723 1829 δὲ
1754 1769 1957 1833 ἀπονο-

353 1859 574 1933 στήσας
599 1858 823 1933 ἐπέστη,
847 1857 939 1917 οἷα
965 1857 1028 1927 ἐξ
1051 1856 1297 1918 ἀέλπτου
1326 1858 1523 1919 ἰδοῦσα
1546 1857 1584 1933 ἦ
1609 1857 1749 1939 γυνή
1778 1858 1956 1937 εἴρετο

351 1946 614 2024 προτέρη,
649 1943 680 2005 ὅ
720 1970 777 2005 τι
814 1972 912 2022 μιν
953 1945 1094 2005 οὕτω
1134 1946 1430 2024 προθύμως
1457 1945 1751 2026 Ἀρπαγος
1786 1972 1956 2023 μετα-

348 2037 668 2113 πέμψαιτο;
709 2032 744 2095 ὁ
780 2035 840 2094 δὲ
879 2034 1016 2094 εἶπε·
1059 2032 1150 2093 “ὦ
1187 2034 1367 2115 γύναι,
1406 2033 1550 2094 εἶδόν
1588 2058 1651 2093 τε
1692 2038 1747 2097 ἐς
1784 2034 1957 2097 πόλιν

351 2124 528 2185 ε’λθῶν
565 2125 658 2183 καὶ
691 2121 911 2199 ἤκουσα
944 2121 1010 2183 τὰ
1045 2120 1189 2199 μήτε
1228 2121 1359 2183 ἰδεῖν
1395 2120 1607 2197 ὄφελον
1642 2120 1787 2198 μήτε
1826 2126 1956 2183 κοτὲ

346 2214 612 2292 γενέσθαι
638 2218 694 2276 ἐς
718 2211 995 2274 δεσπότας
1012 2210 1143 2273 τοῦς
1167 2209 1485 2287 ἡμετέρους.
1548 2208 1699 2273 οἶκος
1720 2212 1826 2287 μὲν
1842 2216 1955 2276 πᾶς

345 2298 634 2379 Ἀρπάγου
667 2301 933 2377 κλαυθμῷ
965 2299 1267 2375 κατείχετο,
1298 2296 1405 2378 ἐγὼ
1438 2296 1498 2356 δὲ
1530 2299 1827 2378 ἐκπλαγεὶς
1855 2296 1955 2374 ἤϊα

351 2388 478 2444 ἔσω·
521 2386 592 2448 ὦς
631 2386 693 2443 δὲ
729 2385 975 2463 τάχιστα
1015 2386 1279 2459 ἐσῆλθον,
1314 2384 1451 2462 ὁρέω
1483 2386 1705 2445 παιδίον
1733 2389 1953 2463 προκεί-

348 2498 532 2551 μενον,
555 2471 835 2549 ἀσπαῖρόν
854 2497 916 2531 τε
943 2472 1035 2531 καὶ
1055 2472 1513 2553 κραυγανόμενον,
1535 2475 1954 2550 κεκόσμημένον

347 2563 541 2640 χρυσῷ
563 2584 626 2619 τε
659 2561 750 2619 καὶ
783 2562 981 2637 ἐσθῆτι
1012 2560 1262 2640 ποικίλῃ.
1320 2560 1615 2643 Ἅρπαγος
1646 2561 1706 2621 δὲ
1737 2561 1810 2625 ὦς
1842 2562 1957 2623 εἶδέ

346 2674 436 2727 με,
481 2648 697 2707 ἐκέλευε
741 2647 846 2724 τὴν
889 2649 1167 2727 ταχίστην
1208 2647 1575 2725 ἀναλαβόντα
1618 2647 1685 2709 τό
1728 2650 1953 2712 παιδίον

346 2737 606 2816 οἴχεσθαι
632 2737 891 2815 φέροντα,
919 2737 1012 2796 καὶ
1038 2738 1214 2797 θεῖναι
1241 2737 1371 2797 ἔνθα
1398 2736 1840 2813 θηριωδέστατον
1866 2738 1951 2815 εἴη

345 2830 456 2885 τῶν
492 2824 706 2903 οὖρέων,
742 2825 855 2903 φὰς
892 2824 1212 2905 Ἀστυάγεα
1249 2822 1389 2883 εἶναι
1422 2824 1523 2883 τόν
1555 2828 1733 2884 ταῦτα
1770 2826 1951 2885 ἐπιθέ-

345 2912 514 2989 μενόν
536 2939 650 2989 μοι,
675 2913 870 2973 πολλὰ
903 2911 1220 2986 ἀπειλήσας
1254 2915 1301 2970 εἰ
1331 2911 1413 2988 μή
1439 2918 1596 2987 σφεα
1626 2912 1948 2990 ποιήσαιμι·

347 3001 440 3057 καὶ
467 2999 575 3080 ἐγῶ
603 2999 906 3076 ἀναλαβὼν
929 3000 1145 3074 ἔφερον,
1168 2998 1367 3057 δοκέων
1392 3003 1501 3059 τῶν
1524 3024 1673 3062 τινος
1699 3001 1952 3063 οἰκετέων

350 3086 504 3145 εἶναι·
547 3085 612 3145 οὗ
642 3086 754 3166 γὰρ
788 3084 857 3145 ἄν
883 3110 1012 3143 κοτε
1046 3083 1313 3151 κατέδοξα
1345 3085 1497 3144 ἔνθεν
1526 3112 1594 3166 γε
1624 3085 1713 3163 ἦν.
1782 3088 1951 3166 ἐθάμ-

349 3171 491 3246 βεον
525 3171 584 3229 δὲ
620 3172 789 3247 ὁρέων
821 3174 1016 3248 χρυσῷ
1049 3194 1111 3227 τε
1153 3170 1245 3227 καὶ
1286 3170 1479 3244 εἵμασι
1514 3176 1955 3251 κεκοσμημένον,

351 3254 493 3331 πρός
526 3256 603 3325 δὲ,
631 3259 722 3315 καὶ
753 3255 1040 3332 κλαυθμόν
1072 3260 1421 3331 κατεστεῶτα
1454 3262 1705 3341 ἐμφανέα
1738 3267 1797 3322 ἐν
1820 3262 1951 3341 ‘Ap-
