2250 3500
325 133 390 184 ΤΒ
944 133 1315 183 ἨΡΟΔΟΤΟΤ
1852 125 1923 191 [Ῑ.

235 209 347 270 157
443 208 516 268 Ὁ
549 211 655 286 μὲν
679 209 750 286 δη
778 213 958 272 ταῦτα
982 217 1044 272 ἐκ
1066 215 1171 288 τῆς
1191 210 1325 272 ὂδσῧ
1360 207 1759 285 ἐντειλάμενος,
1784 204 1931 283 ἅττ-ή-

323 300 553 358 λαυνε’
526 321 582 358 ες
615 296 758 372 ἤθεα
780 297 854 358 τὰ
878 299 1168 377 Περσέων.
1234 295 1500 374 Πακτύης
1525 297 1585 357 δὲ
1614 293 1931 371 πυθόμενος

327 381 509 464 ἆγχοῦ
548 383 688 444 εἶναι
717 385 964 463 στρατόν
989 385 1074 445 ἐπ’
1101 385 1301 446 ἔωυτόν
1326 384 1498 456 ιόντα,
1524 384 1714 446 δείσας
1750 381 1932 461 ᾤχετο

327 469 548 552 φεύγων
589 477 644 534 ἐς
685 471 908 551 Κύμην.
974 473 1251 552 Μαζάρης
1292 473 1353 533 δὲ
1396 471 1430 533 6
1472 472 1671 548 Μῆδος
1716 469 1933 536 ἐλάσας

327 558 421 618 ἐπὶ
450 557 552 622 τὰς
587 558 790 638 Σάρδις
819 566 920 622 τοῦ
957 561 1153 639 Κύρου
1188 564 1437 639 στρατοῦ
1462 563 1667 639 μοῖραν
1690 557 1933 634 ὁσηνδή-

331 672 458 708 κοτε
497 647 654 726 ἔχων,
691 647 762 711 οἷς
794 647 896 709 ούκ
937 646 1062 727 εὗρε
1095 649 1179 710 ἔτι
1210 648 1399 712 ἐόντας
1430 646 1561 710 τοῦς
1594 646 1747 724 ἀμφὶ
1773 651 1933 706 Πακ-

325 733 464 812 τῦην
495 740 554 796 ἐν
585 734 841 815 Σάρδισι,
871 740 1069 814 πρῶτα
1102 738 1209 813 μὲν
1238 735 1368 799 τοῦς
1398 733 1613 797 Λυδοῧς
1640 732 1933 814 ἠνάγκασε

326 822 427 885 τοὶς
462 821 655 902 Κύρου
689 823 920 887 ἐντολὰς
941 824 1263 884 ἐπιτελέειν·
1303 828 1367 883 ἐκ
1388 822 1589 884 τούτου
1615 821 1676 881 δὲ
1700 825 1934 882 κελευσ·

329 910 579 988 μοσύνης
616 912 792 972 Λυδοὶ
828 911 933 988 τὴν
963 916 1162 973 πᾶσαν
1201 911 1416 973 δίαιταν
1458 915 1561 986 τῆς
1600 909 1730 986 ζόης
1771 910 1934 986 μετέ-

328 1000 538 1075 βαλον
621 998 896 1077 Μαζάρης
947 1000 1006 1060 δὲ
1056 999 1201 1077 μετὰ
1248 1004 1417 1060 τοῦτο
1460 1000 1672 1076 ἔπεμπε
1722 1002 1779 1060 ἐς
1826 994 1934 1073 τῆν

331 1084 534 1163 Κύμην
566 1083 858 1166 ἀγγέλους,
887 1087 1161 1148 ἐκδιδόναι
1193 1087 1432 1148 κελεύων
1463 1084 1846 1162 Πακτύην·οἶ
1872 1086 1934 1147 δὲ

331 1177 582 1250 Κυμαῖοι
623 1174 888 1254 ἔγνωσαν,
925 1177 1271 1252 συμβουλῆς
1303 1175 1436 1253 πέρι
1466 1179 1523 1238 ἐς
1537 1172 1688 1249 χθεὸν
1718 1172 1934 1253 ἆνῷσαι

330 1259 429 1321 τόν
465 1265 524 1322 ἐν
564 1263 941 1343 Βραγχίδῃσι·
981 1263 1052 1339 ἦν
1075 1263 1189 1345 γὰρ
1222 1261 1419 1324 αὖτόθι
1447 1261 1716 1340 μαντήϊον
1741 1266 1803 1321 ἐκ
1826 1287 1934 1321 πα·

330 1352 497 1409 λαιοῦ
541 1349 844 1428 ἱδρυμένον,
885 1355 964 1430 τῷ
996 1350 1183 1415 Ἴωνές
1219 1376 1283 1411 τε
1326 1350 1531 1414 πάντες
1571 1349 1661 1410 καὶ
1702 1350 1937 1414 Αἰολέες

331 1435 577 1498 ἐώθεσαν
600 1438 888 1518 χρέεσθαι·
929 1438 963 1499 6
990 1438 1050 1498 δὲ
1074 1442 1259 1518 χῶρος
1283 1435 1447 1502 οὗτος
1473 1437 1597 1498 ἐστὶ
1618 1439 1721 1513 τῆς
1744 1441 1936 1514 Μιλη-

241 1527 354 1586 158
372 1525 501 1602 σίης
545 1525 684 1604 ύπέρ
733 1526 1039 1605 Πανόρμου
1080 1528 1325 1605 λιμένος.
1388 1527 1723 1605 Πέμψαντες
1768 1524 1845 1585 ὦν
1880 1528 1937 1585 οἱ

334 1617 582 1691 Κυμαῖοι
623 1619 680 1678 ἐς
724 1616 854 1678 τούς
905 1615 1227 1696 Βραγχίδας
1278 1613 1639 1692 θεοπρόπους,
1684 1611 1936 1690 εἰρώτευν

331 1702 460 1779 περὶ
501 1700 770 1779 Πακτύην
808 1701 996 1763 ὁκοῖόν
1033 1728 1090 1763 τι
1132 1703 1411 1767 ποιέοντες
1446 1703 1631 1764 θεοῖσι
1667 1702 1935 1781 μέλλοιεν

331 1790 688 1867 χαριεῖσθαι;
744 1792 1084 1868 ἐπειρωτῶσι
1123 1790 1187 1850 δέ
1224 1798 1339 1868 σφι
1375 1796 1553 1852 ταῦτα
1591 1789 1935 1870 χρηστήριον

337 1876 556 1958 ἐγένετο
596 1886 634 1912 “
651 1876 922 1939 ἐκδιδόναι
965 1878 1241 1955 ,Πακτύην
1288 1876 1605 1959 Πέρσῃσι.”
1662 1881 1839 1937 ταῦτα
1874 1878 1935 1937 δὲ

333 1963 407 2028 ὥς
436 1962 830 2044 ἀπενειχθέντα
861 1964 1114 2042 ἥκουσαν
1142 1969 1197 2026 οἷ
1232 1971 1498 2044 Κυμαῖοι,
1526 1965 1769 2044 ὁρμέατο
1795 1965 1933 2025 ἐκδι-

333 2052 506 2115 δόναι·
549 2052 902 2132 ὅρμεωμένου
943 2054 1004 2115 δὲ
1041 2053 1217 2134 ταύτῃ
1248 2058 1350 2115 τοῦ
1384 2053 1649 2129 πλήθεος,
1675 2051 1935 2131 Ἀριστό-

332 2142 481 2207 δικος
515 2142 547 2204 6
579 2141 970 2221 Ἡρακλείδεω,
1009 2141 1150 2221 οἷνὴρ
1185 2146 1297 2203 τῶν
1337 2139 1526 2202 οἷστῶν
1564 2140 1665 2201 ε’ὠν
1690 2140 1931 2219 δόκιμος,

331 2231 467 2311 ἔσχε
504 2230 585 2309 μή
623 2237 864 2309 ποιῆσαι
894 2235 1072 2292 ταῦτα
1112 2230 1416 2308 Κυμαίους,
1451 2228 1731 2290 ἀπιστέων
1754 2256 1819 2289 τε
1853 2234 1933 2309 τῷ

329 2324 568 2398 χρησμῷ
609 2320 702 2378 καὶ
735 2320 936 2380 δοκέων
959 2319 1090 2383 τοῦς
1125 2317 1471 2396 θεοπρόπους
1496 2316 1561 2378 ού
1586 2319 1772 2398 λέγειν
1797 2316 1933 2394 ἄλη·

333 2406 484 2475 θέως,
512 2410 567 2468 ἐς
602 2404 636 2463 ὃ
670 2405 738 2466 τό
772 2406 1026 2485 δεύτερον
1049 2406 1180 2485 περὶ
1210 2404 1483 2468 Πακτύεω
1508 2405 1933 2484 ἐπειρησόμενοι

330 2489 510 2569 ᾔεσαν
547 2490 718 2551 ἄλλοι
761 2492 1084 2571 θεοπρόποι,
1123 2498 1236 2555 τῶν
1278 2494 1371 2572 καὶ
1415 2493 1796 2572 Ἀριστόδικος
1842 2492 1933 2570 ἦν..

242 2581 353 2640 159
370 2576 749 2656 Ἀπικομένων
789 2581 849 2641 δὲ
889 2586 946 2646 ἐς
985 2582 1321 2665 Βραγχίδας,
1361 2580 1830 2661 ἐχρηστηριάζετο
1872 2586 1935 2641 ἐκ

331 2665 551 2728 πάντων
585 2666 971 2746 Ἀριστόδικος
1000 2671 1332 2749 ἐπειρωτέων
1357 2670 1509 2731 τάδε·
1550 2679 1589 2706 “
1604 2668 1763 2739 ὦναξ,
1788 2668 1935 2745 ἦλθε

333 2754 464 2835 παρ’
483 2754 659 2835 ἡμέας
680 2759 860 2836 ἱκέτης
886 2758 1151 2837 Πακτύης
1176 2757 1209 2819 6
1236 2757 1432 2829 Λυδὸς,
1452 2756 1672 2839 φεύγων
1696 2756 1936 2820 θανατον

330 2844 522 2919 βίαιον
539 2844 679 2923 πρός
705 2848 994 2925 Περσέων·
1023 2850 1078 2908 οἶ
1102 2847 1167 2907 δέ
1188 2872 1287 2924 μιν
1306 2845 1658 2917 ἐξαιτέονται,
1679 2849 1937 2923 προεῖναι

333 2933 617 3007 Κυμαίους
644 2934 976 2999 κελεύοντες·
1016 2934 1179 3011 ἡμεῖς
1204 2934 1265 2993 δὲ
1284 2933 1651 3010 δειμαίνοντες
1666 2932 1771 3009 τήν
1787 2940 1935 3012 Περ·

331 3018 477 3079 σέων
513 3020 758 3095 δύναμιν,
790 3021 892 3081 τᾶν
931 3021 1113 3096 ἱκέτην
1152 3026 1209 3084 ἐς
1245 3020 1372 3081 τόδε
1413 3018 1478 3080 ού
1512 3020 1937 3098 τετολμήκαμεν

333 3104 618 3175 ἐκδιδόναι,
646 3133 777 3183 πριν
799 3106 867 3169 ἂν
892 3108 960 3167 τδ
986 3106 1100 3166 avr-6
1128 3109 1233 3165 σεῦ
1258 3105 1395 3181 ’ἡμῖν
1414 3106 1702 3186 δηλωθῇ’
1668 3110 1938 3186 ατρεκέως

333 3185 568 3263 ὁκότερα
603 3192 926 3268 ποιέωμενῗ
1011 3192 1046 3251 6
1096 3193 1203 3267 μὲν
1240 3196 1419 3251 ταῦτα
1466 3194 1752 3271 ἐπειρώτα·
1811 3194 1843 3255 6
1888 3193 1937 3256 δ’

336 3268 492 3333 αυτις
525 3272 627 3333 τὸν
661 3275 830 3336 αὐτόν
851 3283 968 3353 σφι
1002 3274 1269 3354 χρησμόν
1296 3276 1505 3353 ἔφαινε,
1532 3279 1771 3341 κελεύων
1796 3284 1936 3344 ἐκδι-
