2250 3500
353 109 419 163 72
974 110 1344 161 ἭΡοΔοΤοτ
1882 109 1957 175 [1.

352 192 457 248 τοῦ
498 192 604 267 μὲν
649 189 886 266 οὐρανοῦ
927 190 1021 248 καὶ
1059 194 1171 249 τῶν
1214 188 1395 266 ώρέων
1446 194 1506 248 ἐν
1548 192 1625 268 τῷ
1671 189 1967 270 καλλίστῳ

355 275 660 358 ἐτύγχανον
686 276 1042 355 ἱδρυσάμενοι
1067 277 1273 340 πόλιας
1296 275 1519 336 πάντων
1538 275 1841 354 ἀνθρώπων
1853 281 1968 337 τῶν

355 362 518 439 ἡμεῖς
562 365 736 441 ἴδμεν.
807 363 932 424 οὔτε
969 364 1080 446 γὰρ
1122 363 1194 424 τὰ
1230 362 1341 424 ἅνω
1374 364 1545 439 αὐτῆς
1576 365 1755 442 χωρία
1786 364 1967 425 τῶυτό

357 452 534 510 ποιέει
557 456 630 532 τῇ
659 452 854 532 Ἰωνίῃ,
882 451 1009 512 οὔτε
1031 451 1104 511 τὰ
1131 450 1293 521 κάτω,
1323 451 1449 511 οὔτε
1475 451 1546 511 τοὶ
1571 451 1714 530 πρὸς
1735 450 1840 527 τήν
1863 452 1965 529 η’ῶ,

360 537 486 599 οὔτε
517 540 590 600 τὰ
621 541 762 618 πρός
795 541 902 616 τήν
937 540 1200 617 ἑσπέρην·
1242 539 1315 599 τοὶ
1346 541 1449 615 μὲν
1473 539 1583 598 ὑπὸ
1616 543 1718 600 τοῦ
1744 547 1968 618 ψυχροῦ

358 652 422 687 τε
447 629 540 687 καὶ
562 627 737 710 ῦγροῦ
762 627 1076 704 πιεζόμενα,
1101 627 1175 687 τὰ
1201 627 1261 687 δὲ
1286 627 1395 686 ῦπό
1421 631 1522 688 τοῦ
1551 627 1759 704 θερμοῦ
1782 654 1847 687 τε
1874 630 1970 689 καὶ

361 715 699 794 αὐχμώδεος.
765 719 1044 798 γλῶσσαν
1085 715 1145 774 δὲ
1187 714 1252 775 οὗ
1292 715 1396 791 τήν
1431 713 1607 790 αὐτὴν
1632 713 1786 775 οὗτοι
1817 741 1969 776 νενο-

358 805 576 880 μίκασι,
593 804 750 864 οἷλλιὶ
774 804 1014 882 τρόπους
1039 805 1317 880 τέσσερας
1340 805 1733 885 παραγωγέων.
1776 805 1969 882 Μίλη-

359 917 456 955 τος
479 896 584 968 μὲν
609 891 788 952 αὐτῶν
807 891 999 969 πρώτη
1018 892 1201 951 κέεται
1224 891 1391 954 πόλις
1414 891 1555 968 πρὸς
1578 893 1968 969 μεσαμβρίην·

361 980 503 1055 μετοὶ
530 981 606 1052 δὲ,
631 980 827 1042 Μυούς
851 1006 914 1041 τε
940 981 1032 1039 καὶ
1059 979 1304 1057 Πριήνη·
1346 977 1512 1040 αὗται
1535 982 1640 1056 μὲν
1666 984 1725 1039 ἐν
1748 983 1821 1059 τῇ
1848 987 1970 1040 Κα-

362 1069 460 1147 ρίῃ
496 1069 852 1143 κατοίκηνται
885 1067 1026 1128 κατὰ
1050 1067 1227 1128 ταῦτὰ
1254 1066 1652 1149 διαλεγόμεναί
1672 1075 1803 1145 σφι·
1845 1070 1970 1130 αἵδε

364 1155 426 1214 δὲ
459 1161 517 1215 ἐν
541 1160 613 1234 τῇ
643 1155 837 1234 Λυδίῃ,
863 1155 1135 1232 Ἔφεσος,
1164 1155 1471 1232 Κολοφῶν,
1499 1156 1765 1232 Λέβεδος,
1803 1157 1968 1229 Τέως,

365 1245 742 1321 Κλαζομεναὶ,
780 1244 1025 1304 Φώκαια·
1067 1242 1233 1304 αὗται
1276 1244 1337 1303 δὲ
1368 1247 1427 1302 αἶ
1451 1243 1647 1307 πόλιες
1670 1249 1809 1323 τῇσι
1831 1246 1969 1322 πρό-

362 1357 524 1409 τερον
549 1333 884 1412 λεχθείσῃσι
910 1331 1289 1414 ὁμολογέουσι
1316 1332 1457 1392 κατσῖ
1487 1336 1767 1413 γλῶσσαν
1791 1332 1965 1408 οὐδὲν,

363 1421 476 1495 σφὶ
507 1421 568 1480 δὲ
607 1420 1019 1498 ὁμοφωνέουσι·
1063 1423 1145 1480 ἔτι
1177 1421 1238 1480 δὲ
1268 1424 1416 1498 τρεῖς
1452 1419 1759 1481 ὑπόλοιποι
1795 1419 1971 1486 Ἰάδες

363 1508 573 1579 πόλιες,
598 1514 709 1569 τῶν
735 1513 793 1568 αἱ
817 1509 918 1569 δύο
943 1512 1047 1586 μὲν
1071 1508 1280 1585 νήσους
1306 1509 1549 1567 οἰκέαται
1576 1507 1769 1585 Σάμον
1785 1534 1849 1569 τε
1876 1512 1971 1570 καὶ

363 1598 522 1668 Χίον,
538 1596 576 1672 ἤ
603 1595 662 1655 δὲ
686 1599 790 1673 μία
816 1603 874 1656 ἐν
897 1601 968 1676 τῇ
994 1596 1204 1675 ἠπείρῳ
1233 1595 1461 1673 ἵδρυται,
1488 1595 1772 1673 Ἐρυθραί.
1834 1601 1971 1658 Χῖοι

363 1685 468 1761 μέν
493 1709 590 1744 νυν
618 1685 711 1742 καὶ
743 1683 1063 1762 Ἐρυθραῖοι
1095 1683 1238 1745 κατὰ
1260 1683 1436 1744 τώυτό
1464 1684 1830 1770 διαλέγονται,
1860 1687 1971 1751 Σά-

364 1797 486 1849 μιοι
510 1772 570 1831 δὲ
596 1771 680 1831 ἐπ’
707 1776 916 1832 ἑωυτῶν
941 1777 1160 1849 μοῦνοι.
1229 1771 1383 1833 οὗτοι
1407 1778 1756 1852 χαρακτῆρες
1779 1774 1971 1855 γλώσ-

273 1861 388 1919 143
408 1885 515 1935 σης
543 1862 809 1938 τέσσερες
841 1862 1108 1942 γίνονται.
1177 1861 1399 1921 Τούτων
1432 1862 1501 1937 δή
1535 1861 1609 1922 ὧν
1639 1866 1748 1922 τῶν
1771 1861 1971 1925 Ἰώνων

367 1951 423 2008 οἱ
457 1948 738 2025 Μιλήσιοι
772 1952 876 2027 μὲν
903 1949 1054 2026 ἦσαν
1087 1955 1145 2010 ἐν
1177 1952 1361 2029 σκέπῃ
1398 1955 1501 2009 τοῦ
1542 1949 1750 2027 φόβου,
1782 1949 1969 2028 ὅρκιον

365 2037 754 2116 ποιησάμενοι.
819 2042 975 2099 τοῖσι
1015 2038 1076 2098 δὲ
1115 2038 1297 2099 αὐτῶν
1336 2037 1646 2117 νησιώτῃσι
1684 2037 1756 2114 ἦν
1790 2039 1969 2100 δεινὸν

365 2118 542 2179 οὐδέν·
584 2119 709 2180 οὔτε
732 2119 843 2201 γὰρ
868 2122 1117 2183 Φοίνικες
1140 2120 1291 2196 ἦσάν
1308 2144 1384 2178 κω
1411 2121 1679 2197 Περσέων
1706 2120 1970 2197 κατήκοοι

366 2206 492 2267 οὔτε
517 2208 674 2269 αὐτοὶ
700 2212 755 2268 οἱ
780 2211 1006 2286 Πέρσαι
1029 2208 1329 2285 ναυβάται.

446 2294 916 2374 Ἀπεσχίσθησαν
956 2297 1017 2355 δὲ
1055 2296 1170 2356 α’πὸ
1209 2301 1321 2357 τῶν
1359 2295 1551 2357 ἄλλων
1585 2294 1783 2357 Ἰώνων
1815 2295 1971 2358 οὗτοι

369 2381 486 2441 κατ’
512 2382 662 2440 ἄλλο
697 2384 801 2459 μὲν
827 2382 1001 2454 οὐδὲν,
1031 2383 1297 2448 ἀσθενέος
1330 2385 1392 2445 δὲ
1427 2384 1614 2447 ἐόντος
1637 2389 1738 2445 τοῦ
1762 2385 1971 2449 παντός

365 2468 496 2528 τότε
532 2468 869 2546 Ἑλληνικοῦ
903 2472 1106 2551 γένεος,
1133 2476 1333 2551 πολλῷ
1369 2473 1429 2532 δὲ
1458 2472 1529 2549 ἦν
1555 2472 1971 2534 ἀσθενέστατον

367 2560 477 2615 τῶν
503 2557 702 2617 ἐθνέων
723 2557 790 2617 τό
815 2556 1058 2621 Ἰωνικόν
1077 2562 1170 2619 καὶ
1197 2560 1373 2642 λόγου
1402 2559 1727 2638 ἐλαχίστου·
1754 2560 1840 2621 ὅτι
1860 2560 1969 2643 γοὶρ

295 2686 311 2703 .
367 2644 448 2721 μὴ
473 2644 722 2721 Ἀθῆναι,
748 2644 819 2722 ἦν
844 2646 1001 2707 οῦδὲν
1023 2648 1175 2708 ἄλλο
1200 2649 1463 2726 πόλισμα
1488 2648 1745 2730 λόγιμον·
1789 2652 1843 2708 οἱ
1865 2651 1971 2726 μέν

368 2758 465 2793 νυν
489 2733 661 2793 ἄλλοι
685 2733 871 2797 Ἴωνες
905 2737 998 2795 καὶ
1023 2740 1078 2795 οἶ
1101 2736 1391 2814 Ἀθηναῖοι
1417 2738 1627 2818 ἔφυγον
1648 2736 1716 2796 τό
1742 2734 1969 2814 οὔνομα,

370 2820 436 2881 οῦ
459 2821 804 2900 βουλόμενοι
832 2822 1018 2888 Ἴωνες
1044 2826 1375 2900 κεκλῆσθαι·
1416 2824 1572 2884 οἷλλοῖ
1599 2825 1691 2883 καὶ
1716 2829 1813 2886 νῦν
1840 2827 1969 2900 φαί-

372 2911 562 2969 νονταί
592 2936 692 2987 μοι
718 2914 773 2970 οἱ
797 2912 1011 2971 πολλοὶ
1043 2912 1223 2972 αὐτῶν
1249 2912 1691 2991 ἐπαισχύνεσθαι
1715 2917 1793 2991 τῷ
1817 2913 1972 2973 οὐνό-

369 3021 524 3072 ματι·
575 3001 636 3057 αἱ
675 2998 738 3057 δὲ
771 2998 1012 3057 δυώδεκα
1051 3000 1247 3062 πόλιες
1286 2998 1451 3059 αὗται
1486 3006 1565 3079 τῷ
1603 3026 1666 3060 τε
1707 2998 1974 3079 οὐνόματι

371 3080 708 3161 ἠγάλλοντο,
739 3086 832 3143 καὶ
865 3084 985 3161 ἶρόν
1011 3085 1309 3161 ἱδρύσαντο
1338 3088 1428 3145 ἐπὶ
1454 3089 1648 3163 σφέων
1675 3088 1870 3159 αὐτῶν,
1894 3091 1976 3169 τῷ

375 3166 587 3245 οὕνομα
627 3173 811 3231 ἔθεντο
854 3171 1183 3231 Πανιώνιον·
1240 3174 1655 3248 ἐβουλεύσαντο
1698 3176 1759 3235 δὲ
1804 3176 1975 3237 αὐτοῦ

377 3254 706 3322 μεταδοῦναι
735 3257 1049 3333 μηδαμοῖσι
1081 3256 1320 3319 ἄλλοισι
1354 3260 1568 3321 Ἰώνων·
1610 3262 1725 3323 οὐδ’
1752 3264 1978 3342 ἐδεήθη-
