2250 3500
341 93 437 142 332
920 91 1288 141 ·HP0Ao'ro‘r
1815 87 1944 153 [IV.

338 197 497 248 μενοι
538 171 629 230 καὶ
668 174 727 230 ἐν
759 170 975 248 θώματι
1017 171 1184 230 ἔσκον
1220 167 1363 246 ὀρθὰ
1397 165 1654 230 ἱστάντες
1692 167 1765 227 τοὶ
1807 169 1947 230 ὦτα·

340 258 437 318 ἅτε
465 258 591 318 οὔτε
616 258 956 321 α’κούσαντες
995 257 1268 334 πρότερον
1311 259 1500 330 φωνῆς
1529 254 1789 332 τοιαύτης
1816 257 1950 318 οὔτε

340 347 544 410 ἰδόντες
567 346 633 406 τό
661 347 821 410 εἶδος.
888 350 1064 406 ταῦτα
1086 345 1193 421 μέν
1219 369 1313 404 νυν
1340 344 1431 402 ἐπὶ
1459 347 1701 421 σμικρόν
1726 370 1782 403 τι
1811 346 1945 422 ἐφέ-

334 460 501 508 ροντο
525 438 627 494 τοῦ
653 434 947 511 πολέμου..

246 524 359 581 130
446 526 523 582 Οἱ
546 522 605 581 δὲ
626 522 895 586 Σκύθαι”
863 546 1001 585 οκως
1024 545 1157 582 τους
1180 520 1413 596 Πέρσας
1439 519 1609 578 ἴδοιεν
1632 521 1944 599 τεθορυβη-

336 611 549 687 μένους,
579 610 669 671 ἷνα
704 610 1075 688 παραμένοιέν
1114 634 1177 667 τε
1213 608 1306 666 ἐπὶ
1341 599 1498 667 πλέω
1533 607 1738 686 χρόνον
1769 614 1830 668 ἐν
1868 614 1947 689 τῇ

339 700 584 778 Σκυθικῇ
638 699 731 758 καὶ
784 698 1193 775 παραμένοντες
1251 694 1501 774 ανιῴατο,
1557 700 1666 756 τῶν
1721 697 1946 759 πάντων

342 786 610 850 ἐπιδευέες
652 785 847 856 ἐόντες,
887 785 1106 844 ἐποίευν
1144 781 1350 843 τοιάδε·
1393 782 1533 846 ὅκως
1571 787 1680 843 τῶν
1719 786 1944 862 προβά-

334 900 444 934 των
487 878 595 934 τῶν
649 874 939 950 σφετέρων
993 871 1172 932 αὐτῶν
1227 871 1588 931 καταλίποιεν
1633 873 1778 948 μετᾶ
1830 878 1944 935 τῶν

337 964 563 1039 νομέων,
604 961 762 1021 αὐτοὶ
794 960 861 1021 ἂν
894 959 1279 1035 ὖπεξήλαυνον
1320 963 1375 1020 ἐς
1411 956 1595 1018 ἄλλον
1631 964 1836 1038 χῶρον·
1887 966 1944 1022 οἳ

335 1049 395 1108 δὲ
434 1048 503 1108 ἂν
543 1051 767 1125 Πέρσαι
806 1046 1138 1110 ἐπελθόντες
1185 1046 1505 1123 ἐλάβεσκον
1541 1047 1614 1106 τοὶ
1652 1049 1940 1126 πρόβατα,

242 1139 351 1196 131
376 1138 466 1195 καὶ
492 1135 771 1212 λαβόντες
805 1135 1077 1214 ἐπήροντο
1115 1132 1186 1194 ἂν
1217 1139 1294 1213 τῷ
1323 1135 1696 1214 πεποιημένῳ.
1781 1142 1942 1198 Πολ-

333 1223 494 1288 λάκις
534 1224 595 1284 δὲ
634 1224 889 1284 τοιούτου
936 1224 1247 1305 γινομένου,
1293 1222 1458 1284 τέλος
1500 1223 1738 1299 Δαρεῖός
1775 1251 1838 1283 τε
1882 1231 1943 1286 ἐν

332 1312 603 1392 ἀπορίῃσι
630 1314 829 1392 εἴχετο,
858 1313 951 1372 καὶ
976 1316 1030 1372 οἱ
1064 1313 1319 1377 Σκυθέων
1355 1313 1639 1387 βασιλῆες
1665 1311 1942 1387 μαθόντες

331 1405 516 1474 τοῦτο,
586 1403 834 1478 ἔπεμπον
902 1401 1114 1478 κήρυκα
1182 1400 1329 1476 δῶρα
1384 1399 1604 1478 Δαρείῳ
1672 1401 1939 1475 φέροντα,

332 1488 527 1566 ὄρνιθά
566 1516 629 1550 τε
662 1490 755 1549 καὶ
788 1494 898 1567 μῦν
934 1489 1026 1548 καὶ
1060 1487 1355 1566 βάτραχον
1383 1487 1474 1545 καὶ
1501 1485 1726 1550 ὀϊστοῦς
1751 1489 1938 1548 πέντε·

332 1578 558 1654 Πέρσαι
612 1579 672 1637 δὲ
713 1578 813 1638 τὸν
863 1578 1106 1653 φέροντα
1152 1574 1224 1635 τοῖ
1268 1574 1416 1652 δῶρα
1471 1574 1793 1650 ἐπειρώτεον
1838 1576 1942 1637 τᾶν

332 1665 462 1725 νόον
496 1670 608 1726 τῶν
641 1665 955 1742 διδομένων·
1000 1663 1033 1722 ὅ
1074 1664 1134 1723 δὲ
1173 1662 1329 1723 οὐδὲν
1357 1664 1466 1738 ἔφη
1503 1665 1558 1720 οἱ
1590 1663 1940 1722 ἐπεστάλθαι

335 1751 485 1811 ἄλλο
526 1752 563 1828 ἢ
606 1752 773 1812 δόντα
810 1752 915 1827 τήν
954 1752 1233 1830 ταχίστην
1273 1750 1780 1811 ἀπαλλάσσεσθαι·
1843 1752 1940 1811 αὔ-

330 1838 459 1902 τοῦς
486 1840 545 1899 δὲ
580 1839 712 1902 τούς
745 1840 975 1914 Πέρσας
1004 1839 1239 1909 ἐκέλευε,
1270 1844 1318 1899 εἰ
1353 1839 1536 1914 σοφοί
1575 1842 1702 1908 εἶσι,
1728 1844 1940 1919 γνῶναι

243 1929 352 1985 132
369 1928 435 1987 τὸ
479 1929 660 1989 ἐθέλει
698 1926 771 1987 τοὶ
813 1928 983 2005 δῶρα.
1000 1928 1206 2009 λέγειν.
1287 1931 1464 1987 ταῦτα
1499 1926 1839 1990 ἀκούσαντες
1883 1932 1939 1987 οἳ

335 2016 560 2094 Πέρσαι
610 2015 1000 2093 ἐβουλεύοντο.
1086 2016 1328 2092 Δαρείου
1369 2015 1474 2091 μέν
1517 2040 1613 2075 νυν
1651 2014 1689 2089 ἦ
1738 2016 1939 2093 ’γνώμη

328 2103 414 2179 ἦν,
445 2105 663 2170 Σκύθας
699 2108 875 2184 {mm-d:
914 2104 1121 2165 διδόναι
1149 2104 1332 2179 σφέας
1363 2129 1425 2162 τε
1461 2102 1660 2166 αὐτοῦς
1695 2103 1788 2161 καὶ
1825 2109 1940 2185 γῆν

332 2217 395 2251 τε
422 2194 513 2252 καὶ
538 2193 699 2271 ὕδωρ·
744 2194 969 2263 εἰκάζων
994 2193 1144 2271 τῇδε,
1173 2190 1244 2254 ὦς
1273 2194 1380 2267 μῦς
1403 2192 1508 2267 μὲν
1535 2196 1593 2249 ἐν
1616 2194 1692 2271 γῇ
1719 2191 1939 2271 γίνεται

330 2281 544 2357 καρπὸν
568 2282 668 2341 τόν
692 2281 862 2343 mia-dv
887 2280 1156 2359 ἀνθρώπῳ
1189 2277 1526 2354 σιτεόμενος,
1553 2278 1848 2356 βάτραχος
1875 2280 1938 2339 δὲ

330 2372 389 2426 ἐν
429 2368 603 2437 ὕδατι,
646 2368 793 2445 ὅρνις
847 2369 906 2427 δὲ
958 2368 1216 2445 μάλιστα
1272 2366 1412 2425 ἔοικε
1461 2365 1630 2445 ἵππῳ·
1697 2364 1832 2429 τοῦς
1873 2368 1938 2427 δὲ

328 2453 570 2525 ὄϊστούς,
600 2454 673 2517 οἷς
702 2455 805 2530 τὴν
846 2458 1057 2515 ἑωυτῶν
1090 2454 1273 2528 ἀλκήν
1312 2452 1702 2529 παραδιδοῦσι.
1787 2454 1938 2531 αὕτη

324 2543 429 2617 μὲν
476 2542 692 2621 Δαρείῳ
734 2541 774 2619 ἤ
820 2542 1013 2623 γνώμη
1056 2541 1404 2602 ἀπεδέδεκτο·
1475 2539 1816 2616 συνεστήκεε
1873 2542 1939 2601 δὲ

328 2629 501 2710 ταύτῃ
537 2634 610 2711 τῇ
644 2631 839 2712 γνώμῃ
872 2630 911 2707 ἦ
944 2630 1239 2709 Γωβρύεω,
1265 2633 1376 2691 τῶν
1404 2630 1617 2706 ἀνδρῶν
1646 2632 1760 2689 τῶν
1787 2630 1936 2690 ἐπταῖ

328 2718 446 2781 ἑνᾶς
470 2723 578 2779 τῶν
603 2718 704 2780 τὸν
730 2719 936 2800 Μάγον
963 2719 1320 2788 κατελόντων,
1350 2717 1657 2789 εἰκάζοντος
1680 2716 1753 2775 τὰ
1781 2717 1938 2794 δῶρα

330 2806 537 2885 λέγειν·
579 2806 695 2882 “ἢν
718 2833 799 2884 μη
834 2806 1046 2885 ὄρνιθες
1075 2806 1364 2888 γενόμενοι
1389 2805 1772 2880 ἀναπτησθε’
1747 2830 1804 2867 ες
1829 2805 1936 2865 τόν

332 2890 581 2967 οὐρανὸν,
614 2893 659 2952 ὦ
695 2893 999 2971 He‘pcrat,⁴⁴
962 2922 1000 2971 η
1030 2895 1165 2972 μύες
1196 2894 1484 2976 γενόμενοι
1521 2919 1662 2953 κατα
1692 2896 1795 2968 τῆς
1825 2896 1937 2973 γῆς

327 2979 648 3053 καταδύητε,
702 2979 739 3056 ἢ
789 2981 1073 3060 βάτραχοι
1123 2981 1412 3062 γενόμενοι
1464 2987 1519 3046 ἐς
1571 3006 1670 3043 τας
1725 2981 1935 3057 λίμνας

328 3064 704 3140 ἐσπηδήσητε,
747 3067 845 3127 οὐκ
886 3068 1308 3144 ἀπονοστήσετε
1359 3069 1545 3129 ὀπίσω
1597 3066 1707 3127 ὕπο
1755 3068 1932 3127 τῶνδε

324 3148 435 3205 Τῶν
499 3151 848 3227 ιῖ·οξευ,ικ1ἱτιιι>ν
912 3153 1288 3232 βαλλόμενοι.
1289 3155 1322 3176 ”
1405 3157 1632 3233 Πέρσαι
1695 3157 1802 3229 μὲν
1859 3156 1932 3231 δῇ

328 3251 467 3288 ουτω
490 3258 563 3291 τα
588 3236 737 3311 δῶρα
766 3240 991 3310 εἴκαζον.
