2250 3500
350 102 634 169 141—146]
1011 104 1282 155 emm.
1849 100 1944 153 271

344 181 607 262 νοῳεῖχε
636 182 884 271 μετιέναι
912 181 1107 258 αύτῆν·
1147 180 1284 243 ἀλλ’
1311 181 1382 247 ὥς
1411 180 1738 262 ἀνεχώρησε
1762 186 1820 247 ἐς
1841 183 1949 260 τὴν

342 267 671 347 ἀκρόπολιν,
686 269 1184 347 μεταπεμπόμενος
1201 270 1298 329 ἕνα
1325 270 1563 331 ἕκαστον
1582 297 1653 334 ως
1680 270 1748 346 δὴ
1767 270 1944 351 λόγον

340 362 453 417 τῶν
476 356 778 436 χρημάτων
804 356 1013 428 &do-mv,
1030 359 1321 433 συνέλαβέ
1345 364 1528 433 σφεας
1545 385 1636 419 και
1617 360 1944 437 κατέδησε·

342 448 399 505 οἶ
427 449 533 522 μὲν
566 445 636 521 δὴ
674 446 943 507 ἐδεδέατο·
984 444 1332 521 Μαιάνδριον
1359 445 1420 505 δὲ
1443 445 1588 522 μετὰ
1611 451 1787 508 ταῦτα
1819 474 1944 508 κατ-

342 533 524 609 ἔλαβε
549 536 771 597 νοῦσος·
814 532 1053 605 ἐλπίζων
1077 532 1143 592 δέ
1163 558 1264 609 μιν
1286 530 1700 593 ἀποθανέεσθαι
1724 533 1758 594 6
1784 533 1945 595 α’δελ-

342 620 499 695 φεός,
529 625 609 700 τῷ
646 619 861 699 οὕνομα
892 622 989 696 ἔην
1026 619 1370 697 Λυκάρητος,
1413 620 1504 680 ἴνα
1545 619 1946 699 εὐπετεστέρως

341 707 602 788 κατάσχῃ
626 707 697 768 τά
725 714 785 769 ἐν
802 712 875 787 τῇ
904 708 1075 787 Σάμῳ
1098 706 1424 789 πρήγματα,
1452 709 1792 767 κατακτείνει
1814 708 1946 775 τούς

340 793 631 872 δεσμώτας
654 795 885 861 πάντας.
954 794 1019 856 οὗ
1042 794 1154 876 γάρ
1181 794 1268 871 δὴ,
1297 794 1368 859 ὥς
1393 795 1598 867 οἴκασι,
1627 796 1940 872 ἐβουλέατο

339 881 481 943 εἶναι
506 883 809 960 ἐλεύθεροι.

224 972 231 976 ’
316 996 321 1001 ·
417 968 646 1046 Ἐπειδὴ
688 970 764 1031 ὧν
802 969 1070 1031 α’πίκοντο
1111 974 1166 1035 ἐς
1206 968 1310 1045 τήν
1349 969 1544 1047 Σάμον
1583 974 1638 1031 οἶ
1678 971 1903 1048 Πέρσαι
1920 974 2031 1034 144

337 1057 670 1139 κατάγοντες
704 1059 1065 1127 Συλοσῶντα,
1094 1054 1223 1118 οὔτε
1250 1058 1335 1121 τίς
1371 1064 1484 1135 σφι
1513 1061 1706 1137 χεῖρας
1731 1059 1942 1121 άνταεί-

332 1168 491 1220 ρεται
529 1144 883 1207 ὑπόσπονδοί
923 1169 987 1205 τε
1029 1146 1256 1221 ἔφασαν
1299 1144 1440 1205 εἶναι
1480 1149 1694 1222 ἑτοῖμοι
1735 1149 1790 1206 οἱ
1839 1151 1941 1208 τοῦ

336 1232 683 1313 Μαιανδρίου
718 1236 1035 1293 στασιῶται
1068 1232 1162 1291 καὶ
1199 1230 1366 1295 αύτός
1405 1230 1748 1309 Μαιάνδριος
1774 1239 1942 1313 ἐκχω-

330 1322 511 1395 ρῆσαι
540 1325 601 1381 ἐκ
632 1324 735 1395 τῆς
766 1320 965 1396 νήσου·
1008 1320 1436 1381 καταινέσαντος
1469 1318 1516 1377 δ’
1553 1320 1646 1378 ἐπὶ
1686 1319 1940 1381 τούτοισι

332 1404 581 1468 Ὀτάνεω
605 1407 701 1467 καὶ
726 1410 1130 1484 σπεισαμένου,
1155 1409 1266 1465 τῶν
1293 1405 1560 1481 Περσέων
1586 1408 1641 1464 οἱ
1665 1408 1939 1467 πλείστου

332 1492 479 1563 ἅξιοι
518 1494 749 1573 θρόνους
796 1496 1021 1572 θέμενοι
1064 1493 1417 1553 κατεναντίον
1454 1494 1554 1567 τῆς
1599 1490 1939 1569 άκροπόλιος

330 1582 615 1643 ἐκατέατο.
682 1582 1009 1659 Μαιανδρίῳ
1044 1581 1105 1641 δὲ
1140 1584 1220 1659 τῷ
1251 1579 1494 1659 τυράννῳ
1520 1578 1591 1655 ἦν
1622 1578 1898 1658 ἀδελφεὰς
1916 1585 2028 1643 145

328 1667 784 1752 ὑπομαργότερος
822 1674 901 1750 τῷ
932 1668 1146 1747 οὔνομα
1179 1668 1251 1745 ἦν
1281 1668 1591 1747 Χαρίλεως·
1633 1665 1794 1733 οὗτος
1820 1668 1854 1729 ὅ
1877 1696 1934 1731 τι

328 1756 399 1834 δή
440 1759 762 1836 ἐξαμαρτῶν
788 1763 850 1819 ἐν
874 1758 1123 1840 γοργύρῃ
1158 1757 1389 1818 ἐδέδετο·
1431 1756 1524 1816 καὶ
1550 1755 1618 1833 δὴ
1644 1756 1775 1818 τότε
1801 1762 1932 1820 ἐπα-

328 1845 537 1910 κούσας
559 1871 623 1907 τε
646 1846 719 1908 τὰ
742 1846 1118 1924 πρησσόμενα
1146 1845 1240 1905 καὶ
1264 1844 1534 1923 διακύψας
1561 1843 1652 1904 διδ.
1675 1848 1777 1922 τῆς
1798 1871 1930 1928 γορ-

324 1933 514 2012 γύρης,
556 1934 628 1999 ὦς
670 1933 783 1994 εἶδε
819 1932 949 1997 τοῧς
989 1933 1224 2010 Πέρσας
1264 1932 1544 2008 εἰρηναίως
1577 1933 1930 2009 κατημένους,

284 2023 302 2031 ’
326 2021 473 2096 ἐβόα
500 2047 564 2083 τε
594 2022 688 2082 καὶ
717 2023 829 2098 ἔφη
864 2023 1046 2100 λέγων
1084 2019 1410 2097 Μαιανδρίῳ
1437 2018 1623 2079 θέλειν
1650 2019 1836 2079 ἐλθεῖν
1871 2025 1926 2084 ἐς

322 2107 548 2189 λόγους·
588 2109 905 2173 ἐπακούσας
929 2109 991 2168 δὲ
1015 2106 1048 2168 6
1074 2105 1420 2182 Μαιάνδριος
1437 2103 1730 2169 λύσαντας
1755 2104 1926 2167 ada-dv

326 2197 549 2258 ἐκέλευε
568 2196 724 2279 άγειν
748 2194 880 2274 παρ’
897 2194 1117 2267 ἑωυτόν·
1159 2192 1233 2258 ὥς
1257 2193 1318 2252 δὲ
1344 2191 1493 2271 ἄχθη
1519 2191 1780 2270 τάχιστα,
1807 2195 1925 2252 λοι-

324 2282 529 2361 δορέων
552 2311 615 2346 τε
646 2285 741 2345 καὶ
780 2284 1014 2356 κακίζων
1038 2307 1137 2360 μιν
1162 2280 1418 2360 ᾇνέπειθε
1455 2280 1749 2341 ἐπιθέσθαι
1772 2283 1927 2341 τοῖσι

324 2372 609 2451 Πέρσῃσι,
648 2373 830 2455 λέγων
869 2370 1076 2432 τοιάδε·
1136 2370 1277 2446 ’(ἐμὶ
1313 2371 1436 2445 μὲν,
1478 2395 1521 2427 ω
1562 2366 1793 2428 κάκιστε
1831 2394 1920 2429 αν-

322 2456 538 2537 δρων,’
510 2460 673 2522 εόντα
698 2462 943 2521 σεωυτοῦ
967 2455 1249 2536 άδελφεόν
1274 2457 1366 2516 καὶ
1393 2455 1738 2534 ἀδικήσαντα
1764 2455 1922 2517 οὐδὲν

320 2545 478 2616 ἄξιον
522 2548 737 2626 δεσμοῦ
778 2548 957 2624 δήσας
999 2544 1286 2628 γοργύρης
1334 2544 1598 2621 ηξίωσας,
1646 2542 1818 2624 ὀρέων
1863 2545 1922 2605 δὲ

318 2658 451 2698 τους
476 2635 709 2713 Πέρσας
742 2634 1131 2712 ἐκβάλλοντάς
1154 2659 1219 2694 τε
1244 2658 1313 2694 σε
1340 2632 1433 2692 καὶ
1459 2631 1681 2692 ἄνοικον
1706 2634 1918 2692 ποιεῦν-

320 2745 436 2792 τας,
464 2747 531 2783 ου
555 2727 774 2803 τολμᾷς
798 2723 1074 2784 τίσασθαι
1098 2747 1241 2782 ουτω
1267 2719 1337 2796 δή
1361 2745 1420 2780 τι
1445 2717 1636 2781 ἐόντας
1663 2716 1922 2781 εὐπετέας

317 2811 687 2888 χειρωθῆναι,
728 2809 859 2870 ἀλλ’
880 2809 932 2870 εἴ
952 2835 1010 2872 τι
1034 2833 1110 2869 συ
1093 2809 1315 2884 ’σφεας
1341 2804 1822 2883 καταρρώδηκας,’
1796 2804 1921 2882 εμοὶ

318 2895 416 2960 δὸς
452 2923 582 2961 τους
622 2897 963 2975 ἐπικούρους·
1016 2897 1116 2957 καί
1151 2901 1337 2971 σφεας
1377 2891 1485 2973 ἐγω
1523 2889 1915 2969 τιμωρήσομαι

314 2987 419 3060 τῆς
464 2984 658 3047 ἐνθάδε
703 2984 938 3055 ἀπίξιος,
974 2981 1148 3044 αὐτὰν
1187 2980 1250 3040 δέ
1289 3005 1360 3040 σε
1399 2979 1681 3057 ἐκπέμψαι
1723 2983 1784 3038 ἐκ
1819 2980 1920 3054 τῆς

315 3072 497 3148 νήσου
543 3072 764 3151 ἐτοῖμός
804 3076 936 3149 εἶμι.
934 3070 967 3092 ”
1038 3073 1229 3130 Ταῦτα
1272 3069 1427 3139 ἔλεξε
1480 3067 1512 3128 6
1566 3067 1877 3144 Χαρίλεως·
1899 3066 2012 3126 146

316 3159 661 3238 Μαιάνδριος
685 3161 747 3220 δὲ
770 3157 1030 3233 υπέλαβε
1053 3156 1154 3218 τόν
1172 3154 1424 3237 λόγον,“
1381 3180 1454 3218 ως
1478 3156 1582 3232 μὲν
1603 3158 1710 3234 ἐγω
1692 3152 1919 3222 δοκέω,

314 3270 419 3306 ουκ
458 3252 517 3312 ἐς
552 3251 721 3308 τοῦτο
762 3243 1088 3322 ἀφροσύνης
1127 3241 1460 3320 α’πικόμενος
1501 3267 1573 3304 ως
1613 3240 1773 3311 δόξαι
1811 3237 1916 3316 τὴν
