2250 3500
351 131 632 202 122-2-125]
993 135 1317 188 amma.
1852 142 1945 192 169

347 222 402 280 οἳ
427 220 532 296 μὲν
557 217 830 295 πρότερον
856 219 910 277 οἶ
935 216 996 277 δὲ
1019 216 1275 294 ὕστερον,
1303 215 1375 281 ὥς
1401 216 1516 298 ἰδίῳ
1542 220 1754 280 ἔωυτῶν
1780 218 1943 282 ε’όντι·

345 311 458 368 τῶν
483 304 592 386 ε’γῶ
620 305 772 368 εἰδὼς
795 305 868 364 τοὶ
894 303 1179 380 οὐνόματα
1206 304 1271 363 οὗ
1298 304 1519 385 γράφω.

429 395 620 472 Μέχρι
658 393 764 470 μέν
807 417 905 452 νυν
941 391 1309 470 Ῥαμψινίτου
1348 393 1627 468 βασιλέος
1666 394 1806 456 εἶναι
1847 400 1906 456 ἔν
1926 397 1999 456 12
2006 399 2041 458 4

347 480 614 563 Αἰγύπτῳ
644 483 839 540 πᾶσαν
877 478 1137 555 εὐνομίην
1169 480 1383 559 ἔλεγον,
1418 481 1509 540 καὶ
1547 480 1819 558 εὐθηνέειν
1851 485 1949 544 Αἵ-

346 595 562 651 γυπτον
613 568 892 650 μεγάλως·
944 566 1088 645 μετοὶ
1144 567 1203 627 δὲ
1254 571 1468 637 τοῦτον,
1516 570 1949 644 βασιλεύσαντά

349 665 545 735 σφεων
585 657 786 716 Χέοπα
820 660 878 719 ἐς
921 659 1116 715 πᾶσαν
1155 654 1433 731 κακότητα
1475 655 1702 717 ἐλάσαι.
1785 684 1949 718 κατα-

350 745 665 820 κληΐσαντα
692 743 804 825 γάρ
829 768 928 820 μιν
953 742 1136 802 πάντα
1166 743 1238 802 τοὶ
1272 741 1379 819 ἱροὶ,
1406 746 1603 820 πρῶτα
1634 744 1739 821 μέν
1764 752 1950 822 σφεας

351 831 586 892 θυσιέων
611 829 866 909 ἀπέρξαι·
906 830 1050 907 μετὰ
1081 831 1157 902 δὲ,
1188 829 1521 910 ἐργάζεσθαι
1558 834 1737 912 ἑωυτῷ
1763 833 1949 893 κελεύ-

353 943 432 978 ειν
465 916 679 981 πάντας
718 919 1072 999 Αἰγυπτίους·
1113 921 1269 976 τοῖσι
1305 919 1412 994 μὲν
1450 917 1519 994 δή
1562 918 1949 1001 ἀποδεδέχθαι,

353 1009 415 1066 ἔκ
457 1009 568 1066 τῶν
608 1004 974 1082 λιθοτομιέων
1014 1007 1124 1064 τῶν
1165 1009 1225 1064 ἐν
1268 1008 1347 1083 τῷ
1385 1003 1639 1087 Ἀραβίῳ
1681 1007 1845 1085 οὔρεϊ,
1888 1014 1951 1069 ἐκ

351 1094 586 1152 τουτέων
613 1093 796 1152 ἕλκειν
821 1092 1014 1154 λίθους
1036 1091 1208 1172 μέχρι
1230 1096 1332 1152 τοῦ
1358 1095 1591 1154 Νείλου·
1625 1095 1949 1174 διαπεραιω-

355 1179 547 1244 θέντας
571 1180 632 1240 δέ
653 1179 754 1240 τόν
773 1179 1028 1256 ποταμόν
1050 1180 1309 1240 πλοίοισι
1332 1180 1462 1245 τούς
1485 1181 1681 1246 λίθους
1708 1184 1949 1261 ἑτέροισι

355 1267 510 1338 ἔταξε
543 1267 881 1336 ἐκδέκεσθαι,
916 1267 1008 1325 καὶ
1041 1266 1184 1346 πρὸς
1215 1267 1283 1326 τό
1315 1268 1570 1344 Λιβυκὸν
1607 1269 1953 1347 καλεύμενον

354 1352 500 1431 ὅρος,
541 1354 684 1431 πρὸς
725 1359 891 1414 τοῦτο
940 1354 1141 1414 ἕλκειν·
1191 1353 1489 1434 ἐργάζοντο
1531 1355 1591 1414 δὲ
1637 1357 1779 1416 κατὰ
1818 1357 1952 1417 δέκα

355 1440 624 1520 μυριάδας
647 1440 950 1519 ἀνθρώπων
976 1442 1083 1501 αἰεὶ
1107 1440 1213 1519 τὴν
1236 1440 1501 1518 τρίμηνον
1527 1441 1785 1519 ἑκάστην·
1817 1443 1950 1524 χρό-

355 1555 452 1591 νον
477 1530 538 1589 δὲ
557 1530 884 1611 ἐγγενέσθαι
908 1529 1226 1609 τριβομένῳ
1251 1532 1330 1607 τῷ
1353 1526 1513 1608 ἄλλῳ
1532 1533 1670 1608 λαῷ,
1692 1530 1823 1589 δέκα
1846 1534 1952 1608 μὲν

355 1617 480 1678 ἔτεα
502 1621 604 1692 τῆς
629 1613 762 1677 ὁδοῦ
783 1616 899 1677 κατ’
915 1617 986 1693 ἢν
1007 1616 1195 1676 εἷλκον
1212 1617 1342 1680 τούς
1361 1615 1569 1688 λίθους,
1590 1617 1695 1694 τήν
1714 1617 1949 1696 ἔδειμαν,

357 1706 520 1787 ἔργον
544 1705 638 1766 ε’ὂν
665 1703 730 1766 οὗ
763 1708 962 1785 πολλῷ
983 1705 1088 1785 τέῳ
1116 1705 1370 1766 ἔλασσον
1394 1707 1495 1781 τῆς
1526 1705 1851 1785 πυραμίδος,
1882 1705 1954 1772 ὥς

358 1795 480 1871 ἐμοὶ
507 1794 732 1853 δοκέειν·
767 1792 891 1874 (τῆς
917 1793 1028 1874 γὰρ
1052 1796 1231 1875 μῆκος
1253 1793 1359 1871 μέν
1386 1797 1496 1854 εἶσι
1522 1795 1685 1855 πέντε
1712 1794 1951 1867 στάδιοι,

359 1881 512 1958 εὖρος
547 1882 608 1940 δὲ
643 1880 776 1940 δέκα
809 1874 1044 1961 ὀργυιαὶ,
1075 1880 1218 1960 ὕψος
1252 1882 1328 1953 δὲ,
1360 1885 1433 1961 τῇ
1465 1880 1794 1960 ὖψηλοτάτη
1828 1883 1954 1945 ἐστὶ

358 1969 497 2045 αὗτή
525 1972 743 2044 ἔωυτῆς,
764 1967 908 2028 dec-r&
933 1968 1168 2048 ὀργυιαὶ,
1190 1970 1355 2029 λίθου
1380 1993 1443 2029 τε
1469 1970 1670 2037 ξεστοῦ
1691 1970 1784 2028 καὶ
1804 1970 1953 2040 ζώων

361 2056 864 2138 ἐγγεγλυμμένων)
894 2055 1066 2134 ταύτῃ
1085 2080 1149 2116 τε
1173 2055 1242 2129 δὴ
1268 2056 1341 2114 τὰ.
1367 2054 1499 2115 δέκα
1524 2056 1648 2115 ἔτεα
1666 2056 1949 2136 γενέσθαι,

361 2146 452 2204 καὶ
474 2149 585 2205 τῶν
611 2145 703 2203 ε’πὶ
727 2147 830 2204 τοῦ
855 2143 1064 2219 λόφου,
1091 2141 1177 2203 ἐπ’
1206 2138 1272 2201 οὗ
1300 2145 1504 2201 ἑστᾶσι
1540 2145 1599 2201 αἱ
1632 2143 1951 2220 πυραμίδες,

358 2235 468 2292 τῶν
501 2232 612 2292 &vra
646 2235 756 2313 γῆν
792 2230 1119 2308 οἰκημάτων,
1147 2228 1250 2291 τὰς
1283 2227 1528 2287 ἐποιέετο
1560 2227 1737 2302 θήκας
1778 2232 1956 2309 ἑωυτῷ

361 2323 419 2379 ἐν
443 2320 595 2400 νήσῳ
623 2319 862 2399 διώρυχα
892 2322 994 2379 τοΰ
1024 2318 1241 2378 Νείλου
1274 2314 1584 2397 ε’σαγαγῶν.
1651 2321 1725 2395 τῇ
1758 2318 1818 2376 δὲ
1852 2342 1953 2377 πυ·

357 2407 549 2484 ραμίδι
575 2405 714 2485 αὐτῇ
731 2407 936 2486 χρόνον
959 2404 1225 2487 γενέσθαι
1253 2405 1461 2464 εἐίκοσι
1486 2406 1610 2465 ἔτεα
1634 2406 1952 2486 ποιευμένῃ·

358 2498 459 2570 τῆς
499 2499 623 2555 ε’στι
661 2498 922 2573 πανταχῆ
964 2494 1223 2572 μέτωπον
1264 2493 1501 2554 ἕκαστον
1548 2493 1693 2554 ὄκτιι)
1733 2495 1955 2572 πλέθρα

361 2580 560 2659 ἐούσης
582 2582 942 2663 τετραγώνου,
972 2581 1064 2640 καὶ
1094 2579 1237 2659 ὕψος
1268 2580 1415 2641 ἴσον·
1458 2583 1625 2642 λίθου
1656 2583 1717 2641 δὲ
1752 2583 1955 2651 ξεστοῦ

358 2693 421 2729 τε
460 2671 552 2729 καὶ
591 2670 950 2747 ἁρμοσμένου
988 2669 1062 2729 τοὶ
1099 2668 1376 2745 μάλιστα·
1419 2668 1595 2731 οὐδεὶς
1632 2672 1742 2727 τῶν
1782 2668 1955 2727 λίθων

357 2758 656 2835 τριήκοντα
679 2758 866 2817 ποδῶν
892 2754 1175 2817 ἐλάσσων.
1240 2754 1517 2831 Ἐποιήθη
1544 2754 1603 2813 δὲ
1636 2752 1739 2811 ὦδε
1773 2752 1913 2828 αὕτη
1933 2754 2047 2811 125

357 2844 398 2921 ἤ
448 2846 708 2925 πυραμὶς,
763 2844 1110 2921 ἀναβαθμῶν
1160 2842 1389 2920 τρόπον·
1450 2841 1552 2904 τοίς
1608 2839 1954 2916 μετεξέτεροι

359 2933 614 3010 κρόσσας
659 2936 714 2993 οἶ
765 2932 828 2992 δὲ
869 2932 1124 3008 βωμίδας
1171 2928 1530 3007 ὀνομάζουσι·
1590 2925 1850 3001 τοιαύτην
1886 2923 1955 2985 τό

357 3026 580 3098 πρῶτον
605 3022 730 3081 ε’πεί
757 3046 822 3081 τε
849 3020 1121 3095 ε’ποίησαν
1149 3015 1339 3091 αὐτ-ἤν,
1367 3014 1555 3091 ἤειρον
1584 3012 1713 3077 τοῦς
1746 3012 1954 3071 ἐπιλοί-

357 3134 500 3173 πους
517 3110 710 3172 λίθους
733 3111 1024 3188 μηχανῇσι
1045 3106 1227 3176 ξύλων
1244 3103 1508 3183 βραχέων
1526 3100 1952 3178 πεποιημένῃσι,

357 3195 620 3276 χαμάθεν
638 3198 744 3275 μὲν
765 3197 856 3255 ἐπὶ
873 3194 973 3255 τὸν
990 3197 1211 3271 πρῶτον
1232 3195 1465 3269 στοῖχον
1483 3191 1593 3249 τῶν
1613 3187 1959 3264 ἀναβαθμῶν

359 3282 652 3360 ἀείροντες,
679 3281 818 3345 ὅκως
843 3282 903 3340 δὲ
927 3280 1071 3341 α’νίοι
1096 3278 1130 3339 ὅ
1156 3278 1315 3339 λίθος
1341 3276 1426 3337 ἐπ’
1450 3274 1636 3345 αὖτόν,
1664 3278 1741 3337 εἶς’
1767 3274 1958 3349 ἑτέρην
1982 3335 1994 3347 ,

511 3364 570 3411 14
