2250 3500
326 137 609 201 159-162J
964 137 1290 187 mmmm
1840 139 1934 188 189

329 219 469 277 εἶναι
520 216 905 292 σοφωτάτους·
979 216 1346 280 συνελθόντες
1396 216 1458 277 δὲ
1511 220 1566 278 οἱ
1619 218 1932 301 Αἰγύπτιοι,

325 306 700 366 ἐπυνθάνοντο
726 309 836 364 τῶν
853 304 1094 364 Ἠλείων
1121 303 1400 385 λεγόντων
1425 303 1646 366 ἅπαντα
1669 308 1742 367 w)
1769 308 1934 385 κατή-

326 419 412 453 κει
438 393 625 469 σφέας
650 393 859 453 ποιέειν
884 393 1013 469 περὶ
1042 390 1146 451 τόν
1169 390 1376 471 ἀγῶνα·
1419 390 1850 473 ἀπηγησάμενοι
1873 397 1934 456 δὲ

323 482 399 541 τὰ
422 480 623 549 πάντα,
653 482 876 555 ἔφασαν
900 479 1056 555 ἥκειν
1090 478 1568 556 ἐπιμαθησόμενοι
1597 482 1648 540 εἴ
1669 508 1726 541 τι
1753 485 1932 562 ἔχοιεν

325 568 626 649 Αἰγύπτιοι
651 567 858 629 τούτων
886 567 1228 645 δικαιότερον
1255 566 1597 644 ἐπεξευρεῖνς
1631 572 1686 627 οἱ
1709 570 1770 629 δὲ
1793 572 1932 648 βου-

323 656 679 733 λευσάμενοι,
750 655 1057 733 ἐπειρώτων
1120 653 1252 719 τοῦς
1302 652 1560 717 Ἠλείους
1613 656 1665 715 εἶ
1713 664 1826 733 σφι
1878 662 1933 721 οἱ

325 749 595 819 πολιῆται
636 745 1087 827 ἐναγωνίζονται;
1139 746 1194 803 οἱ
1234 743 1294 803 δὲ
1335 743 1558 819 ἔφασαν
1599 744 1692 803 καὶ
1736 747 1931 821 σφέων

327 832 420 889 καὶ
470 837 579 893 τῶν
630 831 822 892 ἄλλων
874 831 1166 907 Ἑλλήνων
1217 830 1420 908 ὁμοίως
1470 834 1549 909 τῷ
1598 833 1932 916 βουλομένῳ

327 919 526 989 ἐξεῖναι
550 919 937 1001 ἀγωνίζεσθαι.
1006 922 1061 979 οἱ
1085 919 1148 979 δὲ
1173 918 1471 1000 Αἰγύπτιοι
1497 919 1720 996 ἔφασαν
1745 922 1932 997 σφέας

330 1032 473 1066 ουτω
534 1007 786 1071 τιθέντας
836 1032 1045 1071 παντος
1095 1011 1198 1069 τοῦ
1253 1006 1467 1067 δικαίου
1501 1007 1929 1117 *ἡμαρτηκέναι

323 1094 583 1171 ουδεμίαν
608 1095 719 1175 γοὶρ
749 1095 889 1155 εἶναι
912 1094 1174 1173 μηχανήν
1199 1093 1337 1159 ὅκως
1363 1094 1428 1155 οὖ
1453 1098 1532 1174 τῷ
1554 1095 1710 1175 ἀστῷ
1734 1096 1928 1179 οἷγωνι-

322 1182 533 1261 ζομένῳ
572 1183 1017 1259 προσθήσονται,
1058 1180 1368 1245 ἀδικέοντες
1406 1182 1506 1243 τὸν
1545 1185 1742 1253 ξεῖνον·
1792 1185 1926 1245 ἀλλ’

323 1272 371 1330 εἰ
400 1269 469 1345 δὴ
502 1270 814 1347 βούλονται
854 1270 1072 1335 δικαίως
1109 1270 1338 1340 τιθέναι,
1373 1269 1466 1329 καὶ
1504 1270 1704 1331 τούτου
1746 1274 1927 1333 εἵνεκα

320 1356 617 1418 ἀπικοίατο
669 1362 725 1421 ἐς
776 1359 1079 1439 Αἴγυπτον,
1129 1358 1362 1427 ξείνοισι
1413 1355 1762 1437 ἀγωνιστῇσι
1815 1361 1927 1420 ἐκέ-

319 1449 487 1506 λευον
525 1446 627 1506 τόν
665 1445 854 1527 σ’,γῶνα
893 1446 1120 1515 τιθέναι,
1161 1444 1400 1503 Ἠλείων
1447 1444 1508 1503 δὲ
1551 1446 1746 1521 μηδενὶ
1783 1445 1922 1507 εἶναι

322 1532 711 1614 ἀγωνίζεσθαι.
790 1536 969 1594 ταῦτα
1006 1534 1111 1610 μὲν
1137 1532 1434 1613 Αἰγύπτιοι
1472 1531 1758 1594 Ἠλείοισι
1795 1532 1924 1594 ὕπε-

328 1620 583 1697 θήκαντο.

402 1709 663 1788 Ψάμμιος
688 1709 751 1770 δὲ
778 1709 839 1780 ἓξ
864 1709 988 1770 ἔτεα
1012 1710 1222 1787 μοῦνον
1239 1708 1696 1786 βασιλεύσαντος
1715 1711 1882 1794 Αἶγῦ-
1903 1712 2014 1773 161

319 1822 479 1868 πτου,
528 1799 623 1856 καὶ
666 1799 1156 1876 στρατευσαμένου
1201 1802 1257 1862 ἐς
1309 1799 1623 1876 Αἰθιοπίην,
1681 1801 1773 1860 καὶ
1825 1826 1921 1878 με·

318 1887 550 1945 ταυτίκα
564 1885 1017 1960 τελευτήσαντος,
1039 1885 1324 1956 ἐξεδέξατο
1338 1885 1573 1964 Ἀπρίης
1593 1887 1627 1946 ὅ
1642 1888 1921 1965 Ψάμμιος·

320 1971 384 2035 ὂς
407 1972 550 2049 μετὰ
583 1974 941 2051 Ψαμμίτιχον
970 1972 1070 2033 τόν
1103 1975 1306 2032 ἑωυτοῦ
1338 1973 1670 2051 προπάτορα
1702 1975 1920 2054 ἐγένετο

321 2059 813 2138 εὐδαιμονέστατος
851 2063 965 2121 τῶν
1002 2059 1275 2137 πρότερον
1320 2061 1628 2136 βασιλέων,
1674 2061 1758 2120 ἐπ’
1801 2063 1924 2121 ἔτεα

319 2150 485 2208 πέντε
530 2149 624 2208 καὶ
671 2150 847 2209 εἴκοσι
902 2146 1091 2225 ἄρξας·
1160 2151 1220 2206 ἐν
1265 2151 1419 2206 τοῖσι
1463 2146 1560 2205 ἐπί
1597 2171 1660 2206 τε
1706 2147 1923 2212 Σιδῶνα

320 2235 567 2313 στρατὸν
591 2234 778 2313 ἤλασε
811 2236 904 2295 καὶ
943 2233 1300 2312 ἐναυμάχησε
1333 2237 1410 2312 τῷ
1434 2233 1633 2312 Τυρίῳ.
1718 2235 1838 2293 ἐπεὶ
1861 2235 1926 2294 δέ

320 2327 377 2383 οἱ
402 2324 514 2383 ἔδεε
547 2328 725 2387 κακῶς
748 2324 1030 2405 γενέσθαι,
1064 2323 1283 2402 ἐγένετο
1313 2321 1425 2382 ‹in-<3
1463 2321 1788 2400 προφάσιος
1818 2321 1922 2400 τὴν

320 2410 429 2492 ἐγώ
466 2412 705 2488 μεζόνως
743 2415 848 2488 μὲν
882 2417 940 2472 ἐν
977 2415 1132 2472 τοῖσι
1163 2412 1470 2485 Λιβυκοῖσι
1509 2409 1741 2492 λόγοισι
1781 2412 1921 2488 ἀπη-

317 2499 589 2580 γήσομαι,
642 2501 875 2578 μετρίως
926 2498 974 2558 δ’
1015 2504 1075 2562 ἐν
1113 2503 1192 2578 τῷ
1229 2499 1511 2576 παρεόντι·
1581 2499 1922 2581 ἀποπέμψας

317 2587 431 2668 γάρ
464 2587 787 2666 στράτευμα
818 2587 851 2647 ό
881 2587 1115 2665 Ἀπρίης
1153 2588 1244 2646 ἐπὶ
1271 2589 1634 2664 Κυρηναίους,
1665 2597 1920 2669 μεγαλω-

318 2675 418 2736 στὶ
459 2677 869 2753 προσέπταισε.
954 2675 1248 2754 Αἰγύπτιοι
1287 2675 1348 2734 δὲ
1390 2679 1566 2735 ταῦτα
1609 2675 1921 2751 ἐπιμεμφό-

315 2763 843 2840 μενοι,ὀἷπέστησαν
862 2760 956 2821 ἀπ’
979 2760 1166 2832 αὐτοῦ,
1183 2761 1464 2825 δοκέοντες
1483 2761 1584 2822 τόν
1601 2760 1840 2838 Ἀπρίην
1861 2767 1920 2822 ἐκ

316 2853 579 2928 προνοίης
626 2850 827 2914 αὐτοῦς
880 2849 1214 2928 ἀποπέμψαι
1255 2854 1311 2913 ἐς
1353 2848 1692 2925 φαινόμενον
1733 2848 1920 2919 κακὸν,

319 2939 408 2998 ἵνα
436 2938 504 3016 δὴ
538 2941 733 3016 σφέων
771 2937 959 3016 φθορή
1000 2939 1228 3018 γένηται
1253 2935 1420 2998 αὗτός
1459 2937 1518 2994 δὲ
1557 2938 1668 2996 τῶν
1706 2940 1922 2997 λοιπῶν

316 3028 635 3108 Αἰγυπτίων
689 3025 1129 3102 ἀσφαλέστερον
1180 3024 1347 3102 ἄρχῃ·
1430 3027 1607 3085 ταῦτα
1660 3024 1720 3084 δὲ
1773 3023 1922 3084 δεινὰ

315 3114 635 3190 ποιεύμενοι
674 3113 837 3174 αὐτοί
862 3139 924 3173 τε
957 3116 1012 3172 οἱ
1052 3111 1544 3186 ἀπονοστήσαντες
1585 3112 1677 3170 καὶ
1717 3114 1772 3170 οἶ
1811 3114 1920 3171 τῶν

316 3200 683 3279 ἀπολομένων
710 3203 891 3277 φιλοι,
919 3200 1252 3275 ἀπέστησαν
1279 3204 1340 3258 ἐκ
1365 3203 1466 3274 τῆς
1495 3199 1683 3274 ἰθείης.
1761 3205 1877 3257 Πυ-
1901 3199 2014 3257 162

317 3289 553 3366 θόμενος
590 3289 649 3349 δὲ
683 3288 921 3368 Ἀπρίης
954 3291 1154 3356 ταῦτα,’
1173 3285 1383 3363 πέμπει
1412 3285 1494 3345 ἐπ’
1523 3286 1722 3350 αὐτ-οὒς
1738 3285 1922 3364 Ἀμα-
