2250 3500
348 116 445 163 264
957 114 1325 165 ·H1›0A0·1!o⁴r
1807 112 1946 179 [111.

346 198 404 257 ἐς
446 192 513 253 vd
558 193 756 270 μέσον·
809 192 842 252 ὅ
889 192 951 253 δὲ
993 188 1231 253 ἐνθαῦτα
1282 191 1352 268 δή
1397 192 1472 251 ὧν
1519 191 1954 273 ἐκφαίνει,.φοῖς

346 280 612 357 ἀτρεκέως
652 283 757 356 μὲν
804 278 904 339 οὔκ
949 281 1292 341 ἐπίστασθαι
1340 279 1629 356 ὁμιλήσας
1676 280 1737 339 δὲ
1783 283 1952 360 ἰητρῷ

346 368 610 445 φλαύρως
646 368 791 447 ἔχειν
816 368 920 443 τήν
944 370 1166 447 τέχνην·
1207 366 1351 445 μετοῖ
1377 367 1453 436 δὲ,
1483 366 1554 429 ὥς
1581 370 1636 426 οἱ
1662 367 1949 446 ἐπέτρεψε,

344 454 735 533 Ἑλληνικοῖσι
775 456 975 532 ἰήμασι
1016 454 1330 534 χρεώμενος
1375 455 1467 513 καὶ
1512 452 1654 529 ἤπια
1691 454 1838 531 μετοὶ
1877 455 1951 515 τὰ

348 544 553 623 ἰσχυρά
596 543 914 624 προσάγων,
960 543 1138 603 ὕπνου
1181 544 1249 603 τέ
1284 568 1382 619 μιν
1421 541 1728 622 λαγχάνειν
1771 544 1952 604 ἐποίεε

347 633 441 691 καὶ
466 638 525 691 ἐν
549 632 732 712 χρόνῳ
758 630 932 712 ὀλίγῳ
957 630 1117 711 ὖγιέα
1143 656 1240 707 μιν
1266 629 1429 689 ἐόντα
1455 628 1702 699 ἀπέδεξε,
1731 628 1952 707 οὗδαμσῖ

348 720 427 779 ἔτι
473 721 771 791 ἐλπίζοντα
811 718 1077 796 ἀρτίπουν
1124 718 1378 779 ἔσεσθαι.
1459 715 1719 793 δωρέεται
1749 716 1820 793 δή
1853 744 1954 795 μιν

346 808 489 883 μετοὶ
523 812 699 867 ταῦτα
726 806 757 866 ὁ
784 810 1021 884 Δαρεῖος
1054 805 1262 865 πεδέων
1286 803 1538 883 χρυσέων
1569 803 1668 863 δύο
1707 804 1950 886 ζεύγεσι·

349 894 382 953 ὅ
409 895 472 953 δέ
494 920 591 971 μιν
620 895 881 971 ἐπείρετο,
912 894 963 953 εἴ
994 896 1047 953 οἶ
1074 892 1380 967 διπλήσιον
1405 891 1471 951 τό
1500 890 1672 951 κακόν
1699 893 1951 969 ἐπίτηδες

347 982 497 1058 νέμει
538 980 624 1041 ὅτι
662 1006 760 1057 μιν
800 980 958 1061 ὖγιέα
1000 982 1268 1057 ἐποίησε;
1317 978 1514 1055 η’σθεὶς
1549 978 1610 1037 δὲ
1649 983 1726 1058 τῷ
1762 980 1882 1039 ἔπεϊ
1915 980 1950 1042 ἆ

348 1072 585 1145 Δαρεῖος
625 1067 947 1145 ἀποπέμπει
982 1094 1080 1143 μιν
1117 1094 1273 1145 παρα
1304 1067 1404 1131 τοῖς
1437 1070 1638 1127 ἑωυτοῦ
1662 1072 1947 1149 γυναῖκας·

346 1156 691 1238 παράγοντες
717 1156 777 1216 δε
804 1159 857 1215 οἰ
885 1154 1138 1234 ευνοῦχοι
1165 1158 1360 1236 ἔλεγον
1379 1154 1521 1232 πρός
1544 1180 1646 1218 τας
1669 1160 1948 1235 γυναῖκας,

348 1271 418 1308 ως
446 1244 689 1321 βασιλέῖ
718 1241 878 1307 οὗτος
920 1244 1003 1320 εἴη
1039 1235 1101 1307 δς
1139 1243 1244 1319 τὴν
1279 1242 1468 1321 ψυχην
1507 1240 1773 1302 ἀπέδωκε·
1812 1270 1948 1304 υπο-

346 1332 636 1393 κύπτουσα
678 1332 738 1393 δὲ
780 1330 985 1391 αυτέων
1025 1329 1236 1406 ἑκάστη
1279 1330 1461 1409 φιάλῃ
1503 1335 1558 1393 ἐς
1597 1334 1698 1389 τοῦ
1729 1336 1948 1409 χρυσοῦ

344 1422 449 1497 τὴν
482 1421 657 1497 θήκην
689 1420 947 1497 ἐδωρέετο
980 1418 1318 1495 Δημοκήδεα
1351 1416 1492 1477 οὕτω
1525 1417 1596 1493 δή
1625 1420 1683 1478 τι
1722 1418 1950 1497 δαψιλέῖ

344 1509 535 1588 δωρεῇ,
564 1508 635 1571 ὥς
657 1507 787 1571 τούς
812 1506 1230 1569 ἀποπίπτοντας
1253 1504 1367 1565 οἷπὸ
1393 1500 1503 1565 τῶν
1531 1505 1784 1581 φιαλέων
1809 1532 1946 1568 στα·

344 1600 517 1672 τῆρας
563 1594 827 1670 ἑπόμενος
867 1594 900 1653 ὁ
942 1593 1174 1669 οἰκέτης,
1219 1596 1298 1671 τῷ
1342 1591 1555 1669 οὔνομα
1599 1591 1672 1668 ἦν
1715 1593 1943 1665 Σκίτων,

343 1681 658 1764 ἀνελέγετο·
719 1681 816 1739 καί
856 1684 912 1739 οἱ
950 1684 1147 1760 χρῆμα
1191 1680 1415 1742 πολλόν
1455 1706 1512 1741 τι
1555 1685 1774 1759 χρυσοῦ
1813 1707 1946 1743 συνν-

344 1770 569 1847 ελέχθη.
1899 1793 1904 1798 ·

250 1859 361 1917 131
446 1856 515 1916 ‘O
545 1857 604 1916 δὲ
631 1856 965 1934 Δημοκήδης
986 1882 1146 1921 ουτος
1173 1850 1330 1917 ωδε’
1303 1883 1364 1917 εκ
1392 1855 1748 1934 Κρότωνος’
1711 1861 1947 1940 απιγμέ-

342 1971 436 2008 νος
466 1943 821 2022 Πολυκράτει
854 1944 1132 2022 ωμίλησε·
1172 1945 1344 2022 πατρὶ
1375 1945 1666 2026 συνείχετο
1700 1951 1759 2006 ἐν
1793 1947 1943 2024 Κρό-

342 2059 473 2095 τωνι
526 2033 702 2114 οργήν
752 2037 1003 2114 χαλεπῷ·
1056 2037 1254 2094 τοῦτον
1298 2033 1422 2092 ἐπεί
1466 2057 1531 2094 τε
1573 2032 1675 2092 οὖκ
1716 2034 1945 2095 ἐδύνατο

343 2124 549 2236 φέρειν,
586 2121 880 2183 ἀπολιπών
924 2122 1111 2200 οἴχετο
1153 2126 1210 2184 ἐς
1249 2121 1502 2201 Αἴγιναν·
1557 2122 1843 2186 καταστοῖς
1883 2123 1946 2182 δὲ

342 2216 397 2274 ἐς
422 2211 644 2287 ταύτην,
671 2213 749 2288 τῷ
774 2209 971 2288 πρώτῳ
999 2210 1107 2268 ἔτεϊ
1131 2207 1519 2285 υπερεβάλετο
1537 2233 1669 2272 τους
1693 2209 1946 2287 πρώτους

342 2298 574 2375 ἰητρους,
609 2296 850 2373 ἀσκευής
886 2322 994 2374 περ
1036 2295 1138 2356 ἐῶν
1169 2297 1262 2355 καὶ
1303 2297 1443 2375 ἔχων
1483 2294 1644 2356 ου’δὲν
1681 2301 1792 2357 τῶν
1829 2296 1948 2358 ὅσα

340 2387 468 2462 περὶ
492 2385 596 2460 τὴν
620 2385 822 2462 τέχνην
849 2385 973 2445 ἐστὶ
1002 2385 1295 2464 ἐργαλήῖα·
1337 2384 1435 2443 καί
1455 2409 1553 2460 μιν
1578 2383 1809 2464 δευτέρῳ
1836 2386 1949 2446 ἔτεϊ

336 2471 615 2534 ταλάντου
653 2475 948 2553 Αἰγινῆται
988 2471 1234 2551 δημοσίῃ
1272 2472 1621 2548 μισθεῦνται·
1673 2474 1843 2551 τρίτῳ
1883 2473 1952 2535 δὲ

340 2561 449 2620 ἔτεϊ
478 2559 769 2634 Ἀθηναῖοι
799 2557 997 2622 {nav-dv
1024 2559 1223 2636 μνέων·
1263 2559 1504 2637 τετάρτῳ
1532 2559 1591 2618 δὲ
1617 2559 1726 2619 ἔτεϊ
1751 2565 1948 2621 Πολυ-

340 2647 543 2726 κράτης
581 2648 723 2708 δυῶν
755 2646 1062 2708 ταλάντων.
1137 2645 1280 2707 οὕτω
1318 2650 1422 2724 μὲν
1462 2644 1695 2707 ἀπίκετο
1737 2652 1791 2710 ἐς
1819 2649 1951 2725 σήν

344 2735 556 2813 Σάμον.
638 2735 732 2796 καὶ
776 2733 892 2795 ἀπὸ
934 2734 1136 2796 τούτου
1181 2737 1283 2796 τοῦ
1332 2733 1531 2813 ἀνδρὸς
1577 2733 1676 2794 οὐκ
1727 2733 1945 2810 ἥκιστα

337 2826 721 2900 Κροτωνιῆται
763 2824 942 2900 ἰητροὶ
988 2821 1382 2899 εὐδοκίμησαν.
1451 2822 1670 2903 ἐγένετο
1710 2821 1823 2902 γὰρ
1867 2823 1949 2886 ὦν

336 2913 502 2970 τοῦτο
538 2909 631 2970 ὅτε
668 2915 880 2988 πρῶτοι
904 2912 1009 2986 μὲν
1035 2915 1422 2987 Κροτωνιῆται
1465 2911 1644 2988 ἰητροὶ
1675 2911 1945 2992 ἐλέγοντο

336 2995 441 3055 οἶνοὶ
459 2996 561 3071 τὴν
585 2996 839 3056 Ἑλλάδα
867 2997 1023 3057 εἶναι·
1058 2995 1304 3074 δεύτεροι
1331 2997 1406 3069 δὲ,
1430 3001 1758 3074 Κυρηναῖοι·
1795 3006 1945 3062 κατὰ

334 3081 434 3141 τὸν
468 3082 637 3142 αὐτόν
668 3084 729 3142 δὲ
765 3083 971 3162 χρόνον
1007 3084 1105 3142 7καὶ
1142 3083 1390 3164 Ἀργεῖοι
1418 3083 1624 3162 ἤκουον
1653 3085 1942 3163 μουσικὴν
2015 3114 2020 3123 ·

244 3166 357 3222 132
378 3167 517 3226 εἶναι
549 3169 839 3245 Ἑλλήνων
877 3173 1108 3245 πρῶτοι.
1189 3170 1333 3230 Τότε
1365 3171 1427 3231 δὲ
1451 3170 1485 3231 ὁ
1511 3172 1855 3250 Δημοκήδης
1879 3179 1945 3235 ἐν

333 3256 487 3310 τοῖσι
527 3253 803 3317 Σούσοισι
844 3255 1206 3332 ἐξιησάμενος
1246 3263 1504 3336 Δαρεῖον,
1545 3260 1701 3321 οἶκόν
1737 3286 1802 3322 τε
1843 3264 1946 3336 μέ-
