2250 3500
337 123 617 188 184—187J
910 123 1366 174 mumolum.
1839 127 1933 176 355

330 204 619 286 ἐπιχώριοι
646 206 805 265 εἶναι·
866 204 959 264 ἐπὶ
982 203 1186 266 τούτου
1208 209 1310 265 τοῦ
1346 208 1536 282 οὔρεος
1571 208 1626 266 οἱ
1656 207 1936 283 ἄνθρωποι

330 293 489 355 οὗτοι
514 293 791 372 ἐπώνυμοι
817 293 1091 374 ἐγένοντο·
1135 293 1430 354 καλέονται
1455 319 1566 374 γαρ
1593 293 1662 368 δη
1689 293 1931 354 Ἀτλαν-

327 407 441 446 τες·
482 383 744 464 λέγονται
780 381 841 440 δὲ
872 381 1000 442 οὔτε
1032 381 1284 460 ἔμψυχον
1310 380 1466 442 οὐδὲν
1492 382 1782 442 σιτέεσθαι
1808 379 1946 444 οὔτε

330 469 559 530 ἐνύπνια
586 470 743 547 ὁρᾶν.

412 559 605 637 Μέχρι
628 561 733 635 μὲν
759 558 827 634 δη
851 561 963 618 τῶν
984 556 1306 617 Ἀτλάντων
1328 554 1550 626 τούτων,
1577 557 1684 636 ἔχω
1708 583 1780 618 τα
1804 583 1894 618 ου-
1913 561 2029 628 185

330 645 549 723 νόματα
574 649 685 706 τῶν
700 651 759 708 ἐν
782 649 855 724 τῇ
882 643 1067 724 ὀφρύῃ
1094 645 1502 720 κατοικημένων
1521 645 1840 714 καταλέξαι·
1866 671 1932 706 το

330 732 379 793 δ’
410 733 525 794 dm)
564 733 790 804 τούτων,
823 734 1024 793 οὐκέτι·
1064 733 1241 809 διήκει
1281 731 1328 791 δ’
1361 732 1434 794 ὧν
1469 732 1507 809 ἦ
1545 731 1732 810 ὀφρύη
1765 733 1934 811 μέχρι

328 819 686 899 Ἡρακληΐων
724 823 995 899 στηλέων,
1034 821 1125 880 καὶ
1155 820 1222 881 τὰ
1260 821 1360 891 ἔξω
1398 822 1653 881 τουτέων·
1709 822 1832 882 ἔστι
1873 821 1934 882 δὲ

330 908 472 973 ἁλός
507 935 571 970 τε
608 911 898 987 μέταλλον
928 913 986 969 ἐν
1016 909 1158 988 αὐτῇ
1195 907 1288 968 διαὶ
1326 909 1459 968 δέκα
1494 908 1740 986 ἤμερέων
1777 908 1928 979 ὁδοῦ,

330 996 425 1057 καὶ
456 996 739 1077 ἅνθρωποι
778 1001 1065 1060 οἰκέοντες·
1106 996 1180 1057 τοὶ
1213 996 1273 1056 δὲ
1313 997 1460 1056 οἰκία
1493 995 1748 1057 τούτοισι
1785 1001 1933 1056 πᾶσι

330 1089 393 1144 ἐκ
417 1089 527 1146 τῶν
552 1085 757 1146 ἁλίνων
780 1085 1028 1165 χόνδρων
1048 1085 1456 1161 οἰκοδομέαται·
1485 1088 1663 1144 ταῦτα
1684 1084 1798 1166 γοὶρ
1823 1084 1932 1162 ἤδη

326 1177 429 1250 τῆς
454 1173 675 1250 Λιβύης
699 1172 962 1251 ἄνομβρά
988 1178 1131 1234 ε’στι·
1165 1171 1230 1233 οὗ
1247 1173 1356 1280 γὰρ
1377 1171 1445 1234 ἂν
1462 1171 1728 1249 ἠδυνέατο
1745 1174 1930 1250 μένειν

329 1265 385 1322 οἱ
418 1265 601 1341 τοῖχοι
639 1261 819 1326 ε’όντες
849 1260 1049 1332 ἅλινοι,
1084 1265 1134 1320 εἰ
1169 1258 1251 1320 ὗε.
1318 1261 1352 1322 ὅ
1379 1261 1440 1320 δὲ
1471 1260 1580 1324 αλς
1607 1259 1804 1322 αυτόθι
1835 1262 1930 1321 καὶ

326 1349 527 1434 λευκός
560 1351 653 1408 καὶ
683 1349 1003 1427 πορφύρεος
1026 1375 1092 1409 το
1127 1347 1330 1411 εἶδος’
1297 1348 1622 1424 ορύσσεται.
1686 1348 1827 1425 ὑπὲρ
1867 1349 1928 1408 δὲ

324 1441 429 1514 τῆς
452 1437 667 1516 ὀφρύης
689 1437 911 1514 ταύτης,
928 1437 996 1496 τὰ
1006 1435 1166 1514 πρὸς
1189 1435 1352 1496 νότον
1372 1436 1465 1496 καὶ
1488 1460 1804 1516 μεσσγαιαν
1827 1441 1930 1512 τῆς

325 1525 606 1602 Λιβυης,’
581 1531 785 1603 ερῆμος
811 1551 903 1585 και
929 1525 1160 1601 ἄνυδρος
1185 1525 1278 1584 καὶ
1303 1523 1509 1600 αθηρος
1525 1523 1616 1583 καὶ
1641 1521 1928 1600 ἄνομβρος

326 1613 421 1672 καὶ
460 1611 665 1684 &eume
702 1617 826 1675 ἐστι
858 1612 898 1690 ἤ
937 1611 1114 1692 χώρη·
1157 1612 1251 1672 καὶ
1292 1611 1521 1689 ἰκμάδος
1551 1610 1676 1672 ἐστὶ
1701 1615 1767 1671 ἐν’
1785 1609 1927 1690 αὐτῇ

324 1700 503 1763 οὐδέν.

408 1789 571 1849 Ουτω
608 1791 712 1867 μὲν
739 1790 909 1868 μέχρι
944 1792 1044 1865 τῆς
1077 1790 1402 1867 Τριτωνίδος
1431 1790 1636 1866 λίμνης
1667 1785 1764 1849 ἀπ’
1788 1792 1886 1849 Αἶ-
1906 1788 2022 1849 186

322 1876 541 1959 γύπτου
566 1876 801 1954 νομάδες
828 1903 939 1937 εισι
966 1878 1275 1958 κρεοφάγοι
1299 1902 1362 1938 τε
1389 1878 1482 1939 καὶ
1505 1876 1931 1959 γαλακτοπόται

322 1967 555 2041 Λίβυες·
597 1965 689 2024 καὶ
726 1965 941 2040 θηλέων
979 1989 1042 2025 τε
1072 1966 1230 2040 βοῶν
1267 1990 1332 2023 ου
1367 1990 1423 2025 τι
1451 1964 1758 2044 γευόμενοι,
1787 1964 1930 2025 διότι

323 2078 433 2130 περ
468 2052 593 2112 οὐδὲ
623 2052 940 2135 Αἰγύπτιοι·
982 2052 1075 2110 καὶ
1098 2050 1162 2115 ὗς
1189 2077 1253 2111 ου
1278 2052 1598 2129 τρέφοντες·
1638 2052 1796 2126 βοῶν
1819 2052 1925 2127 μέν

323 2166 423 2203 νυν
464 2142 679 2217 θηλέων
720 2140 833 2201 οὐδ’
880 2143 939 2199 αἱ
990 2140 1318 2217 Κυρηναίων
1365 2142 1620 2219 γυναῖκες
1659 2137 1932 2199 δικαιεῦσι

322 2229 653 2300 πατέεσθαι,
692 2228 779 2289 διὰ
820 2227 926 2305 τήν
958 2233 1016 2288 ἔν
1054 2227 1320 2309 Αἰγύπτῳ
1339 2226 1508 2296 Ἶσιν,
1535 2224 1690 2285 ἀλλὰ
1717 2225 1808 2284 καὶ
1835 2251 1928 2303 νη-

324 2316 516 2380 στείας
552 2317 693 2396 αὐτῇ
734 2317 827 2380 καὶ
857 2316 1023 2393 ὁρτὰς
1056 2316 1427 2376 ἐπιτελέουσι·
1469 2316 1528 2374 αἱ
1562 2314 1623 2373 δὲ
1646 2317 1756 2375 τῶν
1781 2320 1928 2393 Βαρ-

325 2405 494 2464 καίων
526 2408 781 2485 γυναῖκες
820 2404 948 2464 οὐδὲ
977 2403 1087 2463 ὑῶν
1112 2404 1254 2481 πρός
1283 2407 1422 2483 τῇσι
1446 2403 1625 2479 βουσὶ
1650 2400 1926 2484 γεύονται·

320 2496 501 2553 ταῦτα
536 2494 640 2569 μὲν
671 2491 740 2569 δη
784 2492 923 2553 οὕτω
949 2491 1232 2571 ἔχει.Το
1259 2492 1320 2551 δὲ
1343 2518 1506 2570 προς
1514 2492 1755 2569 ἑσπέρης
1787 2516 1889 2567 της
1907 2490 2018 2551 187

320 2581 653 2658 Τριτωνίδος
687 2581 889 2687 λίμνης
928 2581 1111 2641 οὐκέτι
1143 2580 1377 2659 νομάδες
1409 2580 1520 2642 εἰσὶ
1543 2582 1774 2657 Λίβυες,
1803 2580 1930 2639 οὐδὲ

320 2668 553 2744 νόμοισι
581 2694 736 2729 τοισι
776 2668 1001 2730 αὐτοῖσι
1033 2668 1356 2747 χρεώμενοι,
1385 2668 1511 2729 ουδὲ
1537 2694 1681 2730 κατα
1702 2667 1776 2727 τοὶ
1801 2692 1928 2731 παι-

321 2756 417 2816 δία
450 2760 732 2821 ποιεῦντες
768 2756 889 2817 οἷόν
913 2784 969 2817 τι
996 2758 1089 2815 καὶ
1116 2760 1172 2817 οἱ
1194 2756 1430 2833 νομάδες
1465 2756 1674 2835 ε’ωθασι
1698 2754 1927 2815 ποιέειν·

320 2846 378 2903 οἱ
410 2842 523 2924 γοῖρ
558 2844 629 2921 δὴ
657 2848 770 2905 τῶν
807 2844 1039 2922 Λιβύων
1066 2844 1318 2921 νομάδες,
1345 2847 1424 2920 (εἰ
1449 2846 1555 2920 μὲν
1577 2842 1798 2913 πάντες,
1825 2841 1927 2903 οὐκ

322 2933 432 3011 ἔχω
472 2930 737 3009 ἀτρεκέως
770 2937 936 2993 τοῦτο
964 2932 1156 3011 εἶπαι,)
1182 2934 1408 2993 ποιεῦσι
1433 2932 1494 2991 δὲ
1519 2930 1700 2991 αὐτῶν
1725 2930 1929 3009 συχνοὶ

322 3017 529 3080 τοιάδε·
568 3025 679 3088 τῶν
702 3020 934 3081 παιδίων
956 3024 1067 3080 τῶν
1093 3019 1399 3096 σφετέρων,
1427 3018 1594 3079 ἐπεὰν
1629 3019 1926 3096 τετραέτεα

257 3106 269 3118 ’
322 3108 567 3188 γένηται,
598 3108 775 3186 οἴσπῃ
814 3107 1118 3186 προβάτων
1144 3107 1368 3167 καίουσι
1393 3107 1494 3171 τοὶς
1518 3111 1578 3168 ἐν
1603 3108 1742 3184 τῇσι
1769 3132 1926 3184 κορυ-

269 3216 277 3223 ·
320 3197 475 3273 φῇσι
522 3196 769 3272 φλέβας·
822 3196 1168 3273 μετεξέτεροι
1207 3195 1266 3255 δὲ
1307 3194 1502 3266 αὐτῶν,
1535 3194 1636 3258 vde
1677 3199 1736 3255 ἐν
1770 3197 1928 3274 τοῖσι

320 3281 683 3359 κροτάφοισι·
724 3283 887 3344 τοῦδε
914 3284 1109 3355 εἵνεκα,
1133 3283 1204 3349 ὥς
1228 3282 1310 3363 μή
1337 3289 1523 3363 σφεας
1548 3288 1602 3348 ἐς
1623 3280 1728 3345 ’τᾶν
1741 3281 1926 3347 πάντα
