2250 3500
313 123 410 172 118
925 122 1293 171 ἩΡοΔοΤοτ·
1812 121 1915 186 [11.

311 200 558 278 ῥεύματα
583 202 942 280 παρέχονται·
983 202 1094 261 εἰσὶ
1119 202 1181 261 δὲ
1197 202 1409 261 πολλοὶ
1432 203 1535 278 μὲν
1562 206 1623 261 ἐν
1646 206 1719 281 τῇ
1742 203 1919 280 Συρίῃ

309 288 571 364 ποταμοὶ,
607 288 820 347 πολλοὶ
860 289 920 347 δὲ
961 293 1020 349 ἐν
1058 293 1131 366 τῇ
1157 288 1367 368 Λιβύῃ,
1402 288 1455 348 οἳ
1496 288 1653 348 οὐδὲν
1692 293 1917 350 τοιοῦτο

218 377 291 436 21
310 374 606 454 πάσχουσι
632 375 750 436 οἶόν
775 402 831 435 τι
863 376 956 436 καὶ
981 376 1013 436 ὅ
1047 379 1277 438 Νεῖλος.
1360 374 1437 434 Ἡ
1466 373 1512 434 δ’
1546 377 1705 452 ἑτέρη
1730 375 1918 437 ἀνεπι-

312 464 734 541 στημονεστέρη
784 464 890 540 μέν
929 469 1054 524 ἐστι
1106 468 1208 538 τῆς
1254 465 1612 543 λελεγμένης,
1660 463 1816 544 λόγῳ
1858 465 1921 524 δὲ

313 555 486 611 εἰπεῖν
531 553 981 629 θωυμασιωτέρη·
1047 551 1086 628 ἢ
1132 552 1289 632 λέγει
1336 549 1449 611 ἀπὸ
1500 555 1604 610 τοῦ
1646 551 1919 612 Ὠκεανοῦ

312 639 512 715 ῥέοντα
553 639 722 701 αὐτὸν
768 644 944 700 ταῦτα
984 639 1368 718 μηχανᾶσθαι,
1413 636 1514 698 τόν
1534 694 1539 699 .
1562 636 1609 697 δ’
1649 637 1919 701 Ὠκεανόν

219 728 296 786 22
315 731 424 808 γῆν
474 730 603 806 πέρι
653 732 848 788 πᾶσαν
898 728 1054 803 ῥέειν.
1140 726 1215 786 Ἡ
1269 725 1329 785 δὲ
1380 726 1541 802 τρίτη
1592 729 1705 786 τῶν
1755 725 1915 799 ὁδῶν,

311 815 533 878 πολλὰν
601 813 987 891 ἐπιεικεστάτη
1055 817 1247 882 ἐοῦσα,
1299 812 1559 890 μάλιστα
1626 815 1915 891 ἔψευσται·

311 905 467 984 λέγει
505 901 618 983 γάρ
658 901 728 978 δὴ
769 901 882 960 οὔδ’
919 900 1058 977 αύτή
1103 901 1262 961 οὐδὲν
1304 901 1530 977 φαμένη
1559 901 1659 961 τόν
1700 905 1917 962 Νεῖλον

311 991 456 1065 ῥέειν
487 989 600 1048 ἀπὸ
636 989 940 1066 τηκομένης
970 988 1178 1068 χιόνος·
1219 987 1281 1052 ὃς
1311 989 1425 1065 ῥέει
1456 991 1563 1064 μὲν,
1597 992 1657 1046 ἐκ
1692 988 1917 1066 Λιβύης

311 1076 402 1135 διαὶ
440 1077 630 1154 μέσων
669 1076 954 1137 Αἰθιόπων
993 1077 1200 1137 ἐκδιδοῖ
1237 1076 1298 1136 δὲ
1338 1081 1393 1140 ἐς
1418 1077 1725 1158 Αἴγυπτον.
1809 1081 1919 1141 κῶς

311 1163 386 1224 ὦν
422 1165 562 1240 δῆτα
591 1165 710 1241 ῥέοι
749 1163 817 1224 ἂν
857 1164 968 1226 ἀπό
1008 1164 1213 1244 χιόνος,
1254 1163 1366 1224 ἀπὸ
1406 1168 1517 1224 τῶν
1558 1163 1917 1242 θερμοτάτων

319 1251 550 1335 [τόπων]
585 1254 723 1330 ῥέων
748 1258 805 1316 ἐς
835 1252 907 1312 τοὶ
934 1251 1288 1332 ψυχρότερα,
1328 1254 1441 1312 τῶν
1470 1251 1541 1311 τσῖ
1566 1251 1761 1311 πολλά
1788 1258 1917 1314 ἐστι

311 1340 473 1418 ἀνδρί
501 1367 567 1422 γε
602 1342 933 1422 λογίζεσθαι
962 1339 1226 1401 τοιούτων
1256 1340 1386 1417 πέρι
1423 1341 1519 1419 οἴῳ
1552 1365 1615 1399 τε
1652 1340 1815 1412 ἐόντι,
1844 1341 1917 1406 ὥς

312 1428 436 1489 οὐδὲ
478 1429 621 1494 εἰκός
661 1428 774 1490 <ind
814 1429 1003 1509 χιόνος
1042 1455 1141 1506 μιν
1178 1429 1341 1505 ῥέειν·
1414 1430 1637 1504 πρῶτον
1674 1430 1779 1504 μὲν
1821 1431 1916 1488 καὶ

310 1518 584 1599 μέγιστον
613 1517 917 1596 μαρτύριον
953 1520 1007 1577 οἱ
1047 1516 1243 1594 ἄνεμοι
1276 1515 1617 1594 παρέχονται
1656 1516 1914 1582 πνέοντες

311 1604 426 1666 ἀπό
459 1609 570 1666 τῶν
604 1607 824 1684 χωρέων
858 1605 1096 1664 τουτέων
1138 1604 1352 1681 θερμοί·
1412 1603 1670 1680 δεύτερον
1712 1603 1787 1674 δὲ,
1826 1605 1915 1666 ὅτι

312 1691 598 1770 ἄνομβρος
622 1691 659 1767 ἦ
685 1690 839 1771 χώρη
867 1692 960 1751 καὶ
992 1690 1387 1769 ἀκρύσταλλος
1424 1691 1686 1753 διατελέει
1719 1697 1913 1753 ἐοῦσα·

313 1781 405 1838 ἐπὶ
449 1780 510 1838 δὲ
550 1779 698 1858 χιόνι
737 1778 998 1859 πεσούσῃ
1039 1783 1204 1839 πᾶσα
1250 1779 1464 1860 ἀνάγκη
1508 1780 1633 1839 ἐστὶ
1678 1780 1810 1840 ὗσαι
1856 1787 1915 1843 ἐν

311 1868 476 1927 πέντε
515 1866 780 1945 ἡμέρῃσι·
821 1865 967 1927 ὥστε
1000 1872 1048 1927 εἰ
1085 1866 1335 1947 ἐχιόνιζε,
1368 1867 1496 1927 ὕετο
1528 1866 1597 1927 ἂν
1628 1872 1805 1928 ταῦτα
1839 1871 1915 1930 τοὶ

311 1956 508 2035 χωρία·
574 1955 736 2032 τρίτα
777 1954 853 2027 δὲ,
899 1958 952 2015 οἱ
999 1954 1281 2034 ἅνθρωποι
1332 1954 1441 2015 find
1487 1959 1590 2015 τοῦ
1634 1956 1915 2033 καύματος

311 2045 548 2121 μέλανες
588 2044 779 2108 ἐόντες.
867 2048 1060 2105 ἰκτῖνοι
1102 2044 1163 2104 δὲ
1200 2043 1292 2103 καὶ
1331 2044 1617 2123 χελιδόνες
1658 2044 1726 2103 δι’
1768 2046 1915 2110 ἔτεος

315 2132 496 2198 ἐόντες
536 2132 635 2194 οὐκ
675 2133 1068 2203 ἀπολείπουσι,
1095 2133 1320 2214 γέρανοι
1360 2132 1421 2190 δὲ
1461 2131 1778 2213 φεύγουσαι
1816 2134 1917 2194 τὸν

311 2227 558 2299 χειμῶνα
581 2221 680 2283 τὸν
708 2227 766 2282 ἐν
790 2223 1128 2301 τῇΣκυθικῇ
1151 2218 1307 2300 χώρῃ
1332 2219 1624 2301 γινόμενον
1646 2223 1916 2295 φοιτέωσι

315 2314 370 2373 ἐς
391 2310 695 2387 χειμασίην
723 2315 778 2372 ἐς
801 2309 929 2371 τούς
954 2308 1160 2373 τόπους
1190 2309 1436 2372 τούτους·
1480 2312 1527 2367 εἰ
1557 2308 1744 2369 τοίνυν
1771 2310 1913 2389 ἐχιό-

313 2398 425 2467 νιζε
451 2398 543 2455 καὶ
569 2396 786 2455 ὄσονῶν
810 2395 1016 2471 ταύτην
1040 2396 1146 2471 τήν
1169 2395 1373 2475 χώρην,
1404 2394 1471 2455 δι’
1498 2393 1565 2471 ἧς
1594 2422 1657 2456 τε
1681 2397 1795 2473 ῥέει
1822 2400 1913 2461 καὶ

315 2474 376 2541 ἐκ
405 2486 505 2556 τῆς
546 2480 779 2559 ἄρχεται
819 2482 956 2558 ῥέων
982 2481 1016 2541 ὅ
1049 2487 1275 2553 Νεῖλος,
1304 2482 1374 2559 ἦν
1400 2480 1469 2543 ἂν
1503 2484 1711 2544 τούτων
1738 2484 1913 2556 οὐδὲν,

220 2572 295 2629 23
317 2569 386 2633 ὦς
437 2568 476 2645 ἤ
521 2568 735 2650 ἀνάγκη
781 2569 1021 2650 ἐλέγχει.
1101 2570 1171 2629 ‘0
1217 2571 1277 2631 δὲ
1322 2572 1452 2649 περὶ
1500 2575 1601 2629 τοῦ
1646 2572 1915 2633 Ὠκεανοῦ

311 2656 493 2728 λέξας,
523 2662 578 2722 ἐς
603 2657 814 2734 ἀφανὲς
838 2660 939 2718 τὸν
964 2659 1145 2735 μῦθον
1178 2658 1454 2723 ἀνενείκας
1487 2656 1587 2716 οὐκ
1618 2660 1732 2738 ἔχει
1760 2662 1911 2741 ἔλεγ-

310 2773 434 2825 χον·
503 2746 568 2807 ού
612 2744 724 2828 γάρ
771 2773 896 2807 τινα
943 2748 1113 2828 ἔγωγε
1168 2746 1293 2806 οἶδα
1345 2747 1599 2823 ποταμὸν
1650 2746 1918 2809 Ὠκεανόν

314 2834 493 2895 ἐόντα·
523 2834 782 2913 Ὅμηρον
819 2836 894 2909 δὲ,
929 2834 969 2909 ἥ
999 2860 1127 2895 τινα
1159 2840 1268 2894 τῶν
1299 2832 1571 2912 πρότερον
1606 2837 1918 2916 γενομένων

309 2924 596 2999 ποιητέων,
647 2924 816 2983 δοκέω
860 2921 1106 2998 τοῦνομα
1155 2921 1384 2998 εύρόντα
1432 2927 1488 2986 ἐς
1528 2922 1638 2999 τήν
1682 2925 1919 3000 ποίησιν

314 3010 716 3070 ἐσενείκασθαι.

218 3097 294 3152 24
390 3100 462 3154 Εἰ
503 3097 561 3155 δὲ
605 3098 690 3156 δεῖ
728 3096 1094 3176 μεμψάμενον
1140 3095 1363 3177 γνώμας
1403 3098 1506 3161 τσῖς
1548 3101 1918 3177 προκειμένας

313 3180 481 3239 αὐτὸν
537 3185 666 3260 περὶ
730 3189 840 3245 τῶν
907 3183 1166 3259 ἀφανέων
1232 3182 1459 3262 γνώμην
1513 3184 1917 3259 ἀποδέξασθαι,

315 3264 520 3337 φράσω
557 3268 700 3328 διότι
737 3294 838 3345 μοι
875 3269 1056 3329 δοκέει
1086 3268 1447 3343 πληθύεσθαι
1488 3271 1522 3330 ὅ
1571 3276 1785 3337 Νεῖλος
1814 3281 1919 3335 τοῦ
