2250 3500
300 85 519 152 16—20]
886 89 1338 141 mmmmm.
1805 89 1899 143 287

299 166 613 245 κατύπερθε
664 167 911 229 οἰκέουσι
955 169 1186 244 Νευροί.
1267 172 1498 245 Νευρῶν
1544 167 1606 228 δὲ
1649 167 1718 229 τό
1759 167 1902 245 πρός

296 255 485 331 βορῆν
516 253 723 331 ἄνεμον
758 258 965 333 ε’ρῆμος
998 254 1317 331 ἀνθρώπων,
1349 253 1492 316 ὅσον
1526 254 1688 333 ἡμεῖς
1722 255 1899 332 ἴδμεν.

296 345 475 402 ταῦτα
513 344 618 417 μὲν
658 342 813 420 παρὰ
855 343 956 404 τόν
983 341 1225 402 ’Υπανιν
1262 342 1520 419 ποταμόν
1559 348 1683 403 ἔστι
1723 344 1897 416 ἔθνεα,

298 429 441 506 πρὸς
492 431 732 506 ἑσπέρης
780 433 884 491 τοῦ
935 430 1334 506 Βορυσθένεος.
1413 429 1587 506 Ἀτοὶρ
1641 431 1900 506 διαβάντι
1919 433 1994 494 18

296 514 399 575 rav
460 517 831 595 Βορυσθένεα,
884 515 999 578 ἅπό
1064 518 1368 592 θαλάσσης
1427 521 1648 594 πρῶτον
1701 521 1807 594 μὲν
1855 517 1897 595 ἡ

295 600 520 679 ’Υλαίη-
577 603 691 665 α’πὸ
728 605 790 664 δὲ
821 604 1025 682 ταύτης
1060 603 1172 664 ἅνω
1205 606 1453 666 οἰκέουσι
1489 604 1702 670 Σκύθαι
1729 631 1898 686 γεωρ-

295 691 409 772 γοὶ,
462 690 591 756 τούς
640 691 921 768 Ἕλληνες
978 695 1037 752 οἱ
1090 693 1360 757 οἰκέοντες
1419 692 1512 752 ἐπὶ
1565 696 1646 772 τῷ
1698 690 1899 754 ’Υπάνι

295 783 533 857 ποταμῶ
572 779 839 840 καλέουσι
878 780 1335 856 Βορυσθενεΐτας,
1376 780 1561 856 σφέας
1599 780 1661 840 δὲ
1699 778 1900 846 αὐτους

296 863 766 942 Ὀλβιοπολίτας·
794 864 947 928 οὗτοι
969 866 1044 928 ὧν
1063 870 1117 928 οἱ
1136 868 1374 949 γεωργοὶ
1393 867 1604 934 Σκύθαι
1620 868 1896 945 νέμονται,

295 952 365 1013 vd
394 955 499 1030 μὲν
536 981 679 1032 προς
716 954 821 1031 τὴν
858 953 945 1030 ἡῶ
984 955 1077 1015 ἐπὶ
1114 958 1264 1033 τρεῖς
1301 955 1514 1034 ἡμέρας
1551 954 1702 1026 οδοΰ,
1731 955 1898 1034 κατή-

298 1065 487 1105 κοντες
530 1042 623 1102 ἐπὶ
658 1042 915 1119 ποταμόν
942 1046 1021 1122 τῶ
1060 1041 1276 1120 οὔνομα
1307 1047 1484 1104 κεῖται
1514 1043 1894 1121 Παντικάπης,

294 1127 365 1188 τὰ
402 1128 463 1188 δὲ
501 1129 642 1206 πρός
674 1133 860 1207 βορῆν
895 1130 1116 1208 ἄνεμον,
1142 1131 1324 1192 πλόον
1354 1129 1462 1191 olvat
1489 1131 1589 1192 τόν
1613 1134 1897 1209 Βορυσθέ-

296 1239 397 1276 νεα
418 1214 667 1295 ἡμερέων
693 1218 901 1278 ἔνδεκα·
942 1218 981 1294 ἡ
1017 1218 1077 1277 δὲ
1112 1217 1421 1296 κατύπερθε
1454 1218 1664 1280 τούτων
1695 1219 1900 1297 ἐρῆμός

297 1307 426 1363 ε’στι
460 1303 553 1364 ἐπὶ
590 1303 831 1366 πολλόν·
869 1305 1015 1383 μετὰ
1045 1305 1106 1365 δὲ
1139 1304 1245 1381 τὴν
1285 1309 1492 1382 ἐρῆμον
1519 1304 1900 1388 Ἀνδροφάγοι

297 1392 563 1463 οἰκέουσι,
594 1393 749 1458 ἔθνος
784 1394 878 1454 ε’ὂν
908 1393 1049 1454 ἴδιον
1082 1393 1175 1452 καὶ
1206 1390 1456 1468 οὐδαμῶς
1497 1393 1790 1456 Σκυθικόν·
1827 1393 1896 1456 v&

296 1477 359 1538 δὲ
381 1478 590 1541 τούτων
617 1481 925 1558 κατύπερθε
956 1485 1162 1559 ε’ρῆμος
1189 1479 1298 1556 ἤδη
1330 1479 1596 1556 οἷληθέως,
1625 1479 1717 1539 καὶ
1745 1481 1899 1546 ἔθνος

296 1565 599 1646 ἀνθρώπων
625 1568 799 1641 οὐδὲν,
828 1569 969 1630 ὅσον
994 1569 1158 1646 ἡμεῖς
1185 1568 1360 1646 ἴδμεν.
1439 1567 1520 1628 Τό
1547 1568 1608 1627 δὲ
1631 1565 1774 1646 πρδς
1796 1568 1900 1645 τήν
1918 1571 1991 1631 19
2057 1615 2067 1628 .

294 1653 381 1730 ἥῶ
412 1661 671 1738 γεωργῶν
703 1656 914 1718 τούτων
954 1657 1227 1727 Σκυθέων,
1259 1655 1521 1733 διαβάντι
1553 1655 1656 1717 τόν
1692 1661 1900 1717 Παντι-

296 1741 483 1821 κάπην
506 1743 781 1823 ποταμόν,
809 1743 1072 1823 Νομάδες
1096 1744 1206 1822 ἤδη
1234 1745 1445 1811 Σκύθαι
1469 1744 1743 1823 νέμονται,
1773 1743 1899 1806 οὔτε

293 1855 355 1891 τι
392 1833 716 1912 σπείροντες
756 1832 931 1905 οὐδὲν,
974 1832 1102 1893 οὔτε
1155 1833 1433 1911 ἀροῦντες·
1475 1831 1645 1914 (ψιλὴ
1684 1832 1744 1892 δὲ
1783 1833 1899 1893 δεν-

297 1918 469 1996 δρέων
512 1926 675 1981 πᾶσα
721 1919 863 1997 αὕτη
902 1925 997 2002 γῆ,
1044 1920 1200 1997 πλὴν
1243 1925 1345 1997 τῆς
1384 1920 1660 1999 Ὑλαίης.)
1743 1924 1798 1979 οἱ
1839 1921 1900 1981 δὲ

296 2007 562 2084 Νομάδες
596 2005 752 2069 οὗτοι
776 2008 843 2069 τό
873 2008 1018 2087 πρὸς
1054 2007 1162 2083 τὴν
1199 2007 1299 2083 ἡῶ,
1330 2006 1579 2086 ἡμερέων
1614 2006 1900 2083 τεσσέρων

297 2096 392 2154 καὶ
445 2096 576 2157 δέκα
615 2096 767 2167 ὅδόν,
806 2097 1067 2173 νέμονται
1105 2094 1296 2175 χώρην
1336 2093 1768 2153 κατατείνουσαν
1809 2094 1900 2153 ε’πὶ

294 2184 554 2261 ποταμὸν
594 2185 822 2263 Γέρρον.
904 2184 1097 2261 Πέρην
1137 2183 1198 2242 δὲ
1236 2184 1339 2241 τοῦ
1379 2182 1590 2257 Γέρρου
1628 2184 1806 2240 ταῦτα
1831 2180 1898 2257 δὴ
1916 2184 1996 2243 20

293 2271 369 2331 ‘td
395 2271 709 2349 καλεύμενα
736 2269 1025 2347 Βασιλήῖά
1063 2276 1210 2341 ἔστι,
1233 2270 1326 2329 καὶ
1353 2268 1564 2333 Σκύθαι
1599 2269 1652 2327 οἶ
1678 2266 1907 2344 ἄριστοί

294 2383 361 2431 τε
385 2360 478 2418 καὶ
501 2364 783 2434 πλεῖστοι,
812 2358 905 2419 καὶ
938 2358 1069 2423 τούς
1100 2357 1314 2421 ἄλλους
1343 2356 1656 2434 νομίζοντες
1684 2354 1902 2421 Σκύθας

295 2446 533 2511 δούλους
578 2448 889 2524 σφετέρους
932 2446 1091 2507 εἶναι·
1161 2444 1468 2521 κατήκουσι
1514 2445 1575 2504 δὲ
1617 2442 1788 2516 οὗτοι,
1834 2445 1902 2507 τό

296 2536 403 2611 μὲν
437 2535 581 2613 πρὸς
614 2536 985 2614 μεσαμβρίην
1020 2539 1077 2598 ἐς
1108 2533 1215 2611 τήν
1249 2532 1544 2612 Ταυρικήν,
1569 2533 1638 2594 τὰ
1675 2532 1734 2593 δὲ
1763 2533 1905 2612 πρός

294 2621 379 2697 ἠῶ
416 2623 513 2682 ἐπί
544 2648 607 2682 τε
637 2622 877 2701 τάφρον,
908 2621 1015 2698 τήν
1053 2622 1123 2699 δὴ
1160 2624 1216 2682 οἱ
1247 2627 1308 2682 ἐκ
1337 2626 1448 2683 τῶν
1482 2624 1714 2696 τυφλῶν
1745 2620 1902 2700 γενό-

294 2734 457 2785 μενοι
490 2708 715 2786 ὤρυξαν,
744 2710 837 2769 καὶ
872 2710 966 2770 ἐπὶ
995 2713 1098 2786 τῆς
1133 2710 1336 2787 λίμνης
1363 2712 1467 2785 τῆς
1495 2705 1806 2780 Μαιήτιδος
1834 2706 1901 2767 τὰ

295 2796 567 2875 ἐμπόριον
595 2797 664 2858 τὸ
707 2798 966 2858 καλέεται
997 2797 1276 2874 Κρημνοί·
1315 2795 1389 2856 τοὶ
1426 2794 1486 2853 δὲ
1519 2792 1698 2852 αὐτῶν
1739 2793 1902 2868 κατή-

294 2908 462 2945 κουσι
487 2886 581 2945 ἐπὶ
613 2886 871 2963 ποταμὸν
904 2883 1136 2946 Τάναϊν.
1212 2883 1287 2943 ταῖ
1323 2883 1383 2942 δὲ
1414 2880 1722 2958 κατύπερθε
1759 2879 1902 2958 πρὸς

292 2974 483 3051 βορῆν
535 2972 741 3051 ἄνεμον
792 2977 904 3035 τῶν
963 2969 1289 3049 βασιληίων
1346 2967 1601 3034 Σκυθέων
1655 2968 1901 3027 οἰκέουσι

292 3057 752 3141 Μελάγχλαινοι,
771 3059 922 3120 ἄλλο
948 3060 1103 3123 ἔθνος
1130 3059 1224 3118 καὶ
1249 3056 1314 3117 ού
1335 3054 1626 3123 Σκυθικόν·
1667 3059 1902 3135 Μελαγ·

292 3148 541 3229 χλαίνων
586 3149 649 3209 δὲ
685 3148 753 3209 τὸ
795 3146 1119 3225 κατύπερθε,
1161 3147 1358 3224 λίμναι
1398 3144 1490 3204 καὶ
1531 3142 1734 3221 ἐρῆμός
1774 3146 1900 3203 ἐστι

294 3234 616 3309 ἀνθρώπων,
646 3234 891 3297 κατόσον
913 3234 1075 3307 ἡμεῖς
1098 3234 1274 3305 ἴδμεν.
