2250 3500
348 124 632 190 149-150J
982 129 1306 180 marna.
1854 129 1949 178 18³

346 205 442 265 καὶ
464 205 534 266 τό
561 205 680 266 κατ’
706 205 904 269 ὕδατος
929 206 1290 284 οἰκοδόμηται
1322 207 1509 284 ἕτερον
1542 208 1805 267 τοσοῦτο·
1860 205 1954 266 καὶ

347 293 434 354 ἐπ’
466 292 827 372 α’μφοτέρῃσι
858 293 1052 353 ἔπεστι
1083 292 1371 357 κολοσσός
1401 293 1613 358 λίθινος
1648 293 1956 371 κατήμενος

349 386 410 441 ἐν
433 381 632 460 θρόνῳ.
713 379 882 460 (οὕτω
918 383 978 440 αἶ
1009 383 1116 457 μὲν
1148 381 1452 457 πυραμίδες
1492 382 1603 441 εἰσὶ
1642 381 1837 442 ἐκατὸν
1862 379 1955 459 ὄρ-

347 469 561 548 γυιέων,
602 471 664 528 αἶ
700 467 748 527 δ’
797 467 993 528 ἐκατόν
1035 466 1257 549 ὀργυιαὶ
1304 467 1515 527 δίκαιαί
1566 471 1677 528 εἰσι
1724 469 1956 530 στάδιον

255 593 264 600 ·
349 555 712 634 ἐξάπλεθρον·
753 554 1021 624 ἑξαπέδου
1054 557 1161 632 μὲν
1184 558 1287 632 τῆς
1326 554 1555 636 ὀργυιῆς
1587 557 1957 634 μετρεομένης

349 643 444 702 καὶ
481 642 878 721 τετραπήχεος·
930 645 1043 702 τῶν
1080 641 1269 704 ποδῶν
1306 645 1413 720 μὲν
1458 644 1956 719 τετραπαλαίστων

351 728 564 801 ἐόντων,
590 735 691 790 τοῦ
716 731 778 790 δέ
802 729 1014 808 πήχεος
1050 729 1517 810 ἑξαπαλαίστου.)
1621 729 1689 791 τὰ
1726 730 1786 789 δὲ
1811 729 1955 807 ὕδωρ

349 816 418 878 τὸ
445 823 504 879 ἐν
527 822 600 897 τῇ
624 817 797 898 λίμνῃ
823 817 1106 899 αὐθιγενὲς
1130 821 1236 895 μὲν
1262 818 1363 879 οὐκ
1396 819 1538 879 ἔστι·
1580 816 1813 896 ἄνυδρος
1840 817 1954 899 γὰρ

351 904 422 981 δὴ
457 905 642 970 δεινῶς
677 907 802 966 ἐστὶ
839 903 1034 984 ταύτῃ·
1077 910 1139 966 ἐκ
1177 910 1281 968 τοῦ
1316 907 1533 966 Νείλου
1569 907 1630 966 δὲ
1660 905 1801 967 κατὰ
1838 905 1955 966 διῶ-

351 1017 502 1072 ρυχα
550 997 803 1070 ἐσῆκται,
853 993 946 1052 καὶ
987 993 1052 1064 ἓξ
1087 995 1195 1071 μὲν
1232 998 1414 1071 μῆνας
1453 995 1563 1055 ἔσω
1604 995 1719 1072 ῥέει
1758 998 1817 1058 ἐς
1854 993 1959 1072 τὴν

351 1081 559 1158 λίμνην
595 1082 658 1152 ἐξ
691 1081 753 1141 δὲ
792 1083 974 1158 μῆνας
1013 1081 1116 1151 ἔξω
1158 1086 1215 1146 ἐς
1252 1083 1353 1143 τόν
1393 1086 1607 1143 Νεῖλον
1648 1080 1820 1146 αὖτις·
1862 1083 1955 1142 καί.

355 1167 524 1229 ἐπειὶν
547 1170 652 1246 μὲν
677 1170 840 1248 ἐκρέῃ
867 1169 986 1238 ἔξω,
1011 1167 1050 1243 ἦ
1077 1169 1138 1228 δὲ
1163 1169 1292 1230 τότε
1314 1169 1467 1251 [τούς
1492 1170 1555 1239 ἓξ
1576 1168 1777 1250 μῆνας]
1809 1174 1865 1234 ἐς
1889 1168 1957 1230 τὸ

353 1254 668 1332 βασιλήϊον
693 1256 1100 1332 καταβάλλει’
1073 1255 1159 1316 επ’
1176 1256 1391 1342 ἡμέρην
1417 1282 1657 1332 εκαστην
1680 1257 1959 1318 τάλαντον

355 1343 623 1424 ἀργυρίου
661 1349 724 1404 ἐκ
756 1368 868 1405 των
908 1343 1130 1423 ἰχθύων,
1174 1344 1341 1404 ἐπεοὶν
1378 1343 1439 1402 δὲ
1479 1345 1606 1423 ἐσίῃ
1631 1370 1699 1404 το
1735 1343 1877 1422 ὕδωρ
1902 1348 1959 1408 ἐς

355 1430 544 1508 αὐτὴν,
576 1433 758 1492 εἴκοσι
784 1431 974 1509 μνέας.
1045 1429 1292 1512 Ἔλεγον
1326 1431 1387 1490 δὲ
1421 1433 1475 1491 οἱ
1502 1430 1787 1510 ἐπιχώριοι
1822 1432 1915 1490 καὶ
1936 1433 2053 1491 150

358 1517 428 1582 ὦς
455 1524 510 1583 ἐς
534 1545 639 1594 την
667 1519 868 1596 Σύρτιν
891 1517 998 1596 τήν
1024 1523 1083 1578 ἐν
1107 1518 1300 1598 Λιβύῃ
1327 1518 1594 1579 ἐκδιδοῖ“
1554 1545 1592 1595 η
1620 1519 1793 1596 λίμνη
1818 1517 1959 1594 αῦτη

355 1604 466 1666 ῦπὸ
493 1611 619 1688 γῆν,
646 1608 996 1686 τετραμμένη
1020 1606 1088 1668 τό
1125 1607 1266 1685 πρός
1303 1606 1545 1685 ἑσπέρην
1572 1611 1626 1672 ἐς
1659 1606 1765 1682 τήν
1789 1605 1959 1683 μεσό-

354 1720 524 1776 γαιαν
553 1695 708 1773 παραὶ
740 1695 808 1757 τὰ
843 1694 972 1772 ὅρος
1007 1694 1075 1757 τό
1112 1695 1253 1774 ὖπὲρ
1268 1723 1276 1730 ·
1294 1695 1579 1774 Μέμφιος.
1662 1695 1787 1755 ἐπεί
1810 1720 1874 1756 τε
1898 1693 1961 1755 δὲ

356 1786 458 1843 τοῦ
481 1782 800 1865 ὀρύγματος
834 1783 1034 1845 τούτου
1067 1810 1169 1844 ουκ
1210 1784 1379 1862 ὦρεον
1408 1782 1509 1845 τόν
1542 1787 1683 1863 χοῦν
1714 1782 1959 1861 οὗδαμου

359 1869 537 1942 ἐόντα,
579 1872 864 1951 (ἐπιμελὲς
899 1898 1012 1953 γαρ
1049 1871 1119 1947 δή
1159 1897 1260 1949 μοι
1292 1871 1405 1953 ἦν,)
1434 1871 1661 1949 εἰρόμην
1698 1872 1828 1936 τοῦς
1860 1896 1959 1951 αγ-

358 1983 536 2037 χιστα
587 1960 866 2023 οἰκέοντας
916 1963 1018 2035 τῆς
1070 1961 1289 2037 λίμνης,
1343 1958 1477 2019 ὅκου
1526 1960 1611 2034 εἴη
1663 1957 1696 2017 ὁ
1740 1963 1876 2037 χοῦς
1924 1984 1959 2019 ο

362 2046 695 2126 ἐξορυχθείς·
750 2051 804 2107 οἱ
845 2048 906 2107 δὲ
949 2047 1207 2123 ἔφρασάν
1238 2070 1341 2123 μοι
1375 2047 1465 2105 ἶνα
1499 2044 1830 2121 ἐξεφορήθη,
1868 2045 1961 2104 καὶ

362 2132 630 2198 εὐπετέως
669 2135 904 2196 ἔπειθον·
946 2132 1084 2212 ᾔδεα
1121 2132 1235 2214 γοῖρ
1276 2131 1429 2213 λόγω
1469 2132 1562 2191 καὶ
1601 2136 1661 2190 ἐν
1700 2132 1855 2210 Νίνω
1889 2135 1964 2210 τῇ

359 2219 680 2299 Ἀσσυρίων
713 2222 853 2283 πόλι
886 2219 1185 2302 γενόμενον
1221 2219 1407 2297 ἕτερον
1440 2222 1682 2279 τοιοῦτο·
1738 2217 1810 2279 τοὶ
1851 2218 1963 2299 γὰρ

364 2310 848 2388 Σαρδαναπάλλου
872 2314 973 2371 τοῦ
995 2310 1173 2369 Νίνου
1191 2309 1471 2385 βασιλέος
1495 2306 1776 2388 χρήματα,
1804 2307 1965 2369 ἐόντα

362 2398 590 2478 μεγάλα
629 2400 722 2457 καὶ
758 2396 1175 2475 φυλασσόμενα
1218 2402 1275 2457 ἐν
1318 2397 1658 2475 θησιίυροῖσι
1703 2398 1963 2479 καταγαί-

365 2510 500 2555 οισι,
541 2485 850 2562 ἐπενόησαν
886 2490 1105 2549 κλῶπες
1143 2489 1479 2563 ἐκφορῆσαι·
1542 2490 1603 2545 ἐκ
1638 2484 1707 2561 δὴ
1739 2484 1814 2545 ὦν
1854 2489 1967 2547 τῶν

365 2574 655 2652 σφετέρων
676 2574 858 2634 οἰκίων
883 2572 1183 2651 ἀρξάμενοι
1203 2577 1257 2634 οἱ
1276 2578 1509 2644 κλῶπες,
1526 2572 1637 2635 ῦπό
1662 2579 1770 2655 γῆν
1792 2574 1963 2635 σταθ-

363 2660 628 2738 μεόμενοι
673 2667 729 2725 ἐς
780 2663 852 2722 τοὶ
897 2661 1187 2739 βασιλήῖα
1228 2662 1375 2722 οἰκία
1426 2662 1696 2739 ὅρυσσον·
1763 2660 1864 2722 τᾶν
1902 2660 1963 2719 δὲ

363 2752 506 2828 χοῦν
540 2750 642 2811 τόν
683 2750 1090 2827 ἐκφορεόμενον
1115 2755 1177 2809 ἐκ
1209 2754 1312 2810 τοῦ
1348 2748 1677 2829 ὀρύγματος,
1706 2745 1844 2810 ὅκως
1874 2747 1967 2829 γέ-

365 2862 518 2897 νοιτο
557 2837 674 2908 νῦξ,
703 2842 758 2901 ἐς
793 2838 894 2898 τόν
927 2838 1120 2919 Τίγριν
1154 2836 1409 2914 ποταμὸν
1436 2832 1823 2913 παραρρέοντα
1860 2832 1967 2909 τήν

365 2928 544 2986 Νῖνον
590 2925 906 3003 ἐξεφόρεον·
975 2930 1030 2989 ἐς
1077 2924 1112 2985 ὃ
1160 2922 1577 3005 κατεργάσαντο
1624 2921 1655 2981 ὅ
1701 2946 1758 2981 τι
1805 2920 1969 2999 ἐβού-

366 3014 558 3095 λοντο.
639 3018 893 3073 τοιοῦτον
921 3013 1106 3090 ἕτερον
1132 3012 1352 3088 ἤκουσα
1380 3010 1470 3069 καὶ
1495 3010 1563 3070 τό
1588 3012 1690 3087 τῆς
1715 3014 1774 3069 ἐν
1800 3008 1968 3091 Αἰγύ-

365 3124 486 3179 πτῳ
512 3100 774 3181 λίμνης’
742 3126 960 3181 ορυγμα
980 3100 1264 3180 γενέσθαι·
1305 3097 1459 3173 πλὴν
1487 3124 1551 3157 ου
1577 3096 1787 3167 νυκτὸς,
1813 3096 1971 3157 ἀλλα

367 3186 486 3262 μετ’
523 3188 738 3266 ἡμέρην
777 3188 1122 3264 ποιεύμενον·
1178 3186 1526 3263 ὀρύσσοντας
1554 3211 1666 3267 γαρ
1696 3210 1798 3246 τον
1831 3188 1973 3263 χοῦν

365 3274 500 3337 τοῦς
535 3276 873 3356 Atym-riom
909 3280 964 3339 ἐς
998 3301 1100 3336 τον
1131 3278 1345 3335 Νεῖλον
1376 3274 1619 3351 φορέειν·
1660 3272 1693 3334 ὅ
1733 3272 1811 3343 δὲ,
1836 3296 1970 3333 υπο-
