2250 3500
325 136 545 202 σει-72]
914 137 1368 189 ammomum,
1820 141 1912 194 307

324 213 603 287 α’κινάκεα,
646 216 743 276 καὶ
787 215 1027 287 ὄΐστούς,
1071 216 1167 276 καὶ
1207 213 1466 297 σάγαριν,
1508 213 1602 275 καὶ
1641 213 1912 279 α’κόντιον·

324 302 495 363 ἐπεάν
522 304 583 363 δὲ
620 307 796 364 ταῦτα
832 303 1134 380 ποιήσωσι,
1176 303 1534 380 κατεύχονται
1571 303 1782 374 πολλὰ,
1822 306 1916 366 καὶ

324 392 513 451 ἔπειτα
550 391 890 452 ἀποπίνουσι
923 391 1086 452 αὐτοί
1110 415 1174 451 τε
1199 394 1254 450 οἱ
1277 390 1344 451 τὸ
1373 389 1560 468 ὅρκιον
1583 391 1914 470 ποιεύμενοι,

324 480 419 538 καὶ
442 482 554 539 τῶν
578 480 859 556 ἑπομένων
885 481 940 538 οἶ
964 479 1242 540 πλείστου
1268 477 1434 548 ἄξιοι.

404 566 598 642 Ταφαὶ
628 566 688 625 δὲ
726 569 837 626 τῶν
866 565 1160 642 βασιλέων
1193 571 1253 627 ἔν
1284 567 1547 644 Γέρροισι
1580 565 1707 636 εἶσὶ,
1737 569 1792 628 ἔς
1823 565 1858 626 ὃ
1882 565 1915 626 ὅ
1933 566 2004 629 71

324 653 679 729 Βορυσθένης
704 658 827 713 ἔστι
852 653 1244 730 προσπλωτός.
1326 653 1578 720 ἐνθαῦτα,
1605 651 1770 712 ἐπεάν
1803 659 1918 730 σφι

322 737 578 818 α’ποθάνῃ
618 739 653 799 ὁ
688 739 983 815 βασιλεῦς,
1018 738 1236 820 ὄρυγμα
1271 743 1379 821 γῆς
1415 740 1564 820 μέγα
1601 738 1916 815 ὀρύσσουσι

322 826 684 910 τετράγωνον·
725 829 949 902 ἑτοῖμον
987 827 1047 886 δὲ
1084 829 1252 886 τοῦτο
1289 826 1638 902 ποιήσαντες,
1667 825 1915 904 ἀναλαμ-

322 912 569 988 βάνουσι
600 913 701 974 τὸν
731 913 941 990 νεκρὸν,
970 915 1487 992 κατακεκηρωμένον
1509 916 1612 989 μὲν
1635 913 1702 974 τό
1731 917 1912 991 σῶμα,

321 998 428 1084 τήν
452 999 512 1059 δὲ
538 1001 705 1080 νηδύν
729 999 1181 1081 ἀνασχισθεῖσαν
1205 1003 1299 1061 καὶ
1325 1002 1713 1078 καθαρθεῖσαν,
1733 1003 1915 1080 πλέην

324 1088 563 1166 κυπέρου
615 1090 954 1166 κεκομμένου
1004 1089 1097 1149 καὶ
1149 1089 1494 1167 θυμιήματος
1544 1091 1638 1149 καὶ
1687 1090 1917 1150 σελίνου

323 1176 645 1251 σπέρματος
680 1175 773 1234 καὶ
807 1174 1069 1252 ἀννήσου,
1102 1177 1554 1254 συνερραμμένην
1588 1176 1787 1247 ὀπίσω,
1821 1177 1914 1235 καὶ

325 1263 619 1339 κομίζουσι
654 1267 714 1322 ἒν
747 1262 935 1342 άμάξῃ
970 1268 1027 1326 ἐς
1064 1263 1214 1323 ἄλλο
1251 1265 1424 1327 ἔθνος·
1467 1263 1520 1320 οἳ
1551 1263 1596 1321 δ’
1633 1262 1703 1324 ἂν
1737 1289 1914 1340 παρα-

324 1347 583 1419 δέξωνται
622 1351 959 1426 κομισθέντα
991 1350 1091 1410 τόν
1120 1350 1329 1428 νεκρὰν,
1355 1353 1578 1410 ποιεῦσι
1606 1349 1678 1409 τά
1711 1375 1818 1427 περ
1860 1353 1915 1411 οἱ

322 1436 625 1514 βασιλήϊοι
663 1437 890 1502 Σκύθαι·
936 1440 1038 1498 τοῦ
1078 1435 1215 1500 ὦτός
1252 1435 1682 1513 οἷποτάμνονται,
1720 1437 1915 1515 τρίχας

322 1525 739 1600 περικείρονται,
756 1525 1066 1604 βραχίονας
1082 1523 1526 1602 περιτάμνονται,
1545 1523 1802 1600 μέτωπον
1821 1523 1914 1582 καὶ

323 1613 451 1687 ῥῖνα
472 1611 943 1689 καταμύσσονται,
960 1611 1051 1671 διὰ
1076 1614 1178 1688 τῆς
1202 1637 1264 1672 τε
1283 1611 1580 1689 α’ριστερῆς
1603 1610 1769 1692 χερός
1793 1609 1914 1671 ὀΐσ-

323 1697 455 1763 τοῦς
489 1697 891 1776 διαβυνέονται·
932 1699 1184 1761 ἐνθεῦτεν
1217 1698 1278 1760 δὲ
1314 1700 1606 1777 κομίζουσι
1637 1704 1695 1760 ἐν
1725 1697 1912 1779 άμάῄ

321 1785 425 1846 τᾶν
450 1787 610 1847 νέκυν
639 1792 739 1847 τοῦ
768 1788 1047 1865 βασιλέος
1078 1791 1135 1851 ἐς
1163 1786 1316 1848 ἄλλο
1342 1790 1498 1852 ἔθνος
1520 1792 1630 1849 τῶν
1655 1787 1912 1867 ἄρχουσι·

324 1872 405 1953 (οἶ
430 1873 494 1933 δέ
510 1880 623 1951 σφι
648 1874 874 1936 ἕπονται
900 1880 955 1939 ἐς
978 1874 1108 1938 τοῦς
1132 1876 1403 1953 πρότερον
1419 1874 1641 1955 ἦλθον)
1669 1875 1836 1937 ἐπεάν
1855 1875 1916 1935 δὲ

324 1959 535 2025 πάντας
560 1962 897 2039 περιέλθωσι
919 1962 1019 2023 τόν
1045 1962 1204 2022 νέκυν
1224 1962 1554 2039 κομίζοντες,
1572 1967 1629 2021 ἐν
1655 1963 1916 2039 Γέρροισι

326 2047 541 2127 ἔσχατα
568 2049 1023 2126 κατοικημένοισί
1045 2052 1157 2117 εἰσι
1181 2052 1292 2108 τῶν
1311 2048 1506 2108 ἐθνέων
1522 2052 1634 2108 τῶν
1658 2046 1914 2125 ἄρχουσι,

325 2136 422 2195 καὶ
440 2140 498 2197 ἐν
514 2140 651 2216 τῇσι
668 2142 908 2216 ταφῇσι·
934 2136 1029 2196 καὶ
1048 2137 1252 2207 ἔπειτα,
1269 2133 1438 2195 ἐπεάν
1457 2135 1628 2194 θέωσι
1639 2132 1739 2194 τὸν
1759 2134 1916 2194 νέκυν

325 2228 385 2282 ἐν
407 2226 545 2301 τῇσι
576 2223 787 2301 θήκῃσι
817 2224 909 2282 ἐπὶ
944 2222 1234 2300 στιβάδος,
1260 2220 1682 2299 παραπήξαντες
1713 2220 1918 2299 αἰχμᾶς

324 2310 479 2375 ἔνθεν
521 2311 615 2370 καὶ
656 2310 811 2371 ἔνθεν
849 2314 949 2373 τοῦ
991 2312 1203 2387 νεκροῦ,
1231 2309 1374 2379 ξύλα
1405 2308 1790 2386 ὖπερτείνουσι
1821 2306 1915 2366 καὶ

324 2396 513 2457 ἔπειτα
551 2398 675 2475 ῥιψὶ
715 2396 1211 2479 καταστεγάζουσι·
1253 2401 1312 2458 ἔν
1351 2397 1411 2457 δὲ
1449 2400 1522 2477 τῇ
1561 2399 1735 2475 λοιπῇ
1768 2394 1917 2473 εῦρυ-

321 2485 499 2563 χωρίῃ
532 2489 634 2560 τῆς
666 2485 853 2561 θήκης,
878 2489 989 2546 τῶν
1020 2485 1356 2547 παλλακέων
1385 2510 1448 2545 τε
1481 2484 1618 2562 μίαν
1651 2482 1916 2553 ἀποπνίξ-

323 2596 483 2635 αντες
516 2571 811 2643 θάπτουσι,
838 2572 932 2631 καὶ
965 2572 1065 2633 τόν
1096 2571 1366 2651 οἰνοχόον,
1393 2573 1485 2631 καὶ
1517 2571 1799 2651 μάγειρον,
1827 2569 1920 2629 καὶ

324 2658 658 2736 ἱπποκόμον,
712 2660 808 2719 καὶ
862 2658 1132 2735 διήκονον,
1187 2660 1280 2719 καὶ
1338 2657 1771 2740 ἀγγελιηφόρον,
1825 2655 1918 2713 καὶ

324 2745 544 2816 ἵππους,
562 2747 653 2805 καὶ
676 2750 787 2807 τῶν
811 2743 1001 2805 ἄλλων
1020 2745 1278 2806 ἁπάντων
1305 2744 1576 2822 οἷπαρχσῖς,
1595 2742 1686 2801 καὶ
1708 2740 1919 2818 φιάλας

320 2833 587 2911 χρυσέαςῖ
634 2832 877 2914 (α’ργύρῳ
917 2832 977 2893 δὲ
1016 2832 1176 2893 οὐδὲν
1215 2831 1342 2891 οὐδὲ
1379 2832 1576 2909 χαλκῷ
1610 2827 1920 2907 χρέωνται·)

320 2925 499 2980 ταῦτα
518 2920 579 2979 δὲ
604 2920 954 2996 ποιήσαντες,
973 2923 1146 2998 χοῦσι
1169 2917 1372 2980 πάντες
1396 2920 1562 2995 χῶμα
1576 2917 1738 2995 μέγα,
1757 2914 1919 2990 ἅμιλ-

320 3006 593 3084 λεῶμενοι
632 3008 725 3067 καὶ
764 3006 1206 3085 προθυμεόμενοι
1246 3004 1318 3067 ὥς
1353 3004 1626 3083 μέγιστον
1665 3005 1914 3076 ποιῆσαι.

319 3092 611 3154 Ἐνιαυτοῦ
650 3094 711 3153 δὲ
749 3094 1208 3171 περιφερομένου,
1236 3090 1388 3154 αὖτις
1427 3093 1652 3149 ποιεῦσι
1689 3088 1918 3148 τοιόνδε·
1940 3087 2014 3149 72

319 3181 605 3257 λαβόντες
638 3185 748 3241 τῶν
782 3184 997 3239 λοιπῶν
1034 3178 1384 3257 θεραπόντων
1408 3174 1538 3241 τοῦς
1565 3173 1921 3250 ἐπιτηδεωτά-

317 3292 473 3331 τους·
502 3268 581 3347 (οἱ
606 3267 672 3327 δέ
694 3271 807 3327 εἶσι
826 3266 1038 3329 Σκύθαι
1063 3266 1327 3347 ἐγγενέες·
1354 3262 1509 3325 οὗτοι
1531 3262 1643 3345 γοίρ
1670 3260 1738 3338 δὴ
1767 3262 1924 3339 θερα·
