2250 3500
348 137 446 186 3⁰6
962 137 1335 188 ἨΡΟΔΟΤΟΤ
1813 133 1942 198 [IV.

338 213 722 293 μαντεύονται·
750 214 845 275 καὶ
867 216 1107 297 λέγουσι
1131 212 1288 276 οὗτοι
1315 213 1388 278 ὥς
1409 212 1481 275 τὰ
1503 212 1709 273 ἐπίπαν
1731 213 1943 290 μάλισ-

342 327 417 362 τα
444 301 593 372 τάδε,
622 299 695 366 ὥς
721 300 823 366 τὰς
854 303 1168 379 βασιληίας
1205 301 1388 364 ἶστίας
1423 299 1718 376 ἐπιόρκηκε
1753 300 1815 364 ὃς
1850 302 1946 361 καὶ

343 387 419 458 ὃς,
447 388 709 469 λέγοντες
746 393 858 449 τῶν
896 389 1083 451 ἀστῶν
1123 388 1224 449 τὸν
1263 387 1331 448 ἂν
1372 387 1441 464 δή
1477 388 1709 468 λέγωσι·
1749 388 1851 453 τοῖς
1883 388 1946 450 δὲ

338 477 653 553 βασιληίας
690 477 872 540 ἱστίας
908 477 1076 554 νόμος
1118 477 1373 555 Σκύθῃσι
1410 473 1482 536 *m*
1523 475 1781 551 μάλιστά
1819 471 1946 537 ἐστι

341 562 573 639 ὀμνύναι
614 564 762 636 τότε,
803 564 973 624 ἐπεοῖν
1023 564 1125 624 τᾶν
1169 565 1444 645 μέγιστον
1489 561 1658 639 ὅρκον
1703 564 1946 626 ἐθέλωσι

342 649 594 728 ὀμνύναι·
634 652 832 712 αὐτίκα
862 653 924 712 δὲ
954 651 1399 729 διαλελαμμένος
1429 648 1626 731 ἅγεται
1657 646 1819 714 οὗτος
1842 651 1946 713 τᾶν

342 736 412 799 ἂν
446 740 515 817 δὴ
547 744 703 816 φῶσι
740 744 1091 817 ἐπιορκῆσαι·
1133 739 1443 819 ἀπιγμένον
1472 737 1534 796 δὲ
1559 738 1864 819 ἐλέγχουσι
1889 743 1948 800 οἱ

339 827 578 902 μάντιες,
608 827 679 892 ὥς
714 828 1054 905 ἐπιορκήσας
1088 827 1348 901 φαίνεται
1383 831 1443 885 ἐν
1475 829 1548 903 τῇ
1579 829 1818 905 μαντικῇ
1841 827 1946 891 τοῖς

340 915 656 990 βασιληίας
692 916 890 985 ἳστίας,
919 916 1013 974 καὶ
1042 914 1135 974 Sui
1159 917 1336 974 ταῦτα
1361 911 1556 993 ἀλγέει
1582 911 1616 972 ὅ
1641 914 1944 990 βασιλεύς·

340 999 373 1061 ὁ
416 1002 475 1060 δὲ
515 1001 783 1080 ἀρνέεται,
826 1001 893 1062 ού
940 1002 1191 1079 φάμενος
1237 1004 1588 1078 ἐπιορκῆσαι,
1636 1002 1728 1060 καὶ
1773 1001 1946 1062 δεινο-

340 1089 618 1169 λογέεται·
659 1089 993 1167 ἀρνεομένου
1032 1090 1095 1149 δὲ
1132 1088 1350 1159 τούτου,
1383 1115 1418 1148 ο
1457 1088 1738 1165 βασιλεύς
1775 1115 1944 1176 μετα-

340 1177 619 1253 πέμπεται
652 1175 915 1260 [ἄλλους]
950 1177 1282 1254 διπλησίους
1311 1174 1563 1252 μάντιας·
1605 1177 1700 1236 καὶ
1729 1173 1800 1252 ἢν
1837 1179 1945 1253 μέν

338 1289 437 1341 μιν
468 1265 563 1325 καὶ
593 1263 765 1337 οὗτοι,
793 1265 1121 1345 ἐσορέωντες
1153 1270 1210 1327 ἐς
1242 1263 1348 1340 τήν
1382 1263 1670 1340 μαντικὴν,
1705 1265 1943 1341 καταδή-

341 1376 493 1413 σωσι
532 1357 883 1432 ἐπιορκῆσαι,
922 1357 1023 1413 τοῦ
1064 1353 1125 1412 δὲ
1167 1352 1322 1416 ἰθέως
1358 1350 1466 1427 τήν
1505 1350 1764 1428 κεφαλήν
1799 1352 1942 1414 οἷπο·

340 1440 616 1517 τάμνουσι
654 1441 749 1501 καὶ
785 1440 861 1502 τοὶ
897 1441 1164 1520 χρήματα
1201 1438 1370 1500 αὐτοῦ
1403 1439 1853 1520 διαλαγχάνουσι
1885 1444 1945 1502 οἱ

340 1533 552 1605 πρῶτοι
588 1532 699 1590 τῶν
736 1529 997 1606 μαντίων·
1044 1525 1115 1603 ἢν
1154 1527 1214 1586 δὲ
1253 1530 1308 1587 οἳ
1349 1525 1680 1590 ἐπελθόντες
1715 1528 1943 1604 μάντιες

338 1615 691 1686 ἀπολύσωσι,
718 1615 889 1676 ἄλλοι
918 1615 1148 1693 πάρεισι
1176 1614 1416 1692 μάντιες,
1444 1614 1537 1673 καὶ
1561 1615 1722 1690 μάλα
1745 1614 1942 1677 ἄλλοι·

336 1699 407 1777 ἢν
434 1701 507 1764 ὧν
534 1706 589 1763 οἱ
602 1705 847 1766 ,πλεῦνες
868 1701 969 1763 τόν
994 1701 1285 1780 ἄνθρωπον
1311 1701 1664 1773 ἀπολύσωσι,
1685 1702 1942 1766 δέδοκται

335 1793 489 1849 τοῖσι
526 1790 803 1867 πρώτοισι
844 1794 956 1850 τῶν
999 1791 1245 1868 μαντίων
1283 1788 1508 1851 αύτοῖσι
1553 1789 1940 1867 ἀπόλλυσθαι.

245 1877 319 1935 69
338 1873 662 1939 Ἀπολλῦσι
688 1877 831 1954 δῆτα
855 1876 1055 1941 αύτούς
1078 1877 1267 1957 τρόπῳ
1291 1878 1502 1956 τοιῷδε·
1531 1878 1700 1938 ἐπεοὶν
1719 1877 1942 1956 ἅμαξαν

337 1964 633 2047 φρυγάνων
670 1964 959 2041 πλήσωσι,
995 1966 1089 2026 καὶ
1124 1964 1472 2036 ὑποζεύξωσι
1510 1966 1671 2041 βοῦς,
1713 1970 1940 2045 ἐμποδί-

336 2076 537 2117 σαντες
566 2053 697 2118 τούς
729 2054 977 2131 μάντιας,
1007 2054 1100 2113 καὶ
1123 2054 1294 2132 χέρας
1319 2052 1503 2113 ὀπίσω
1529 2052 1817 2128 δήσαντες,
1843 2058 1940 2117 καὶ

334 2141 747 2218 στομώσαντες,
764 2140 1119 2222 κατειργνῦσι
1138 2144 1194 2204 ἐς
1217 2140 1372 2217 μέσα
1395 2139 1469 2203 τοὶ
1493 2140 1773 2221 φρύγανα·
1801 2143 1938 2204 ύπο-

334 2227 651 2304 πρήσαντες
681 2229 741 2289 δὲ
776 2227 1180 2299 αύτοῖ,,α’.πιεῖσι
1214 2225 1582 2303 φοβήσαντες
1615 2228 1747 2292 τούς
1769 2231 1936 2305 βοῦς·

332 2316 547 2375 πολλοὶ
574 2318 680 2391 μὲν
702 2314 773 2391 δή
808 2316 1314 2397 συγκατακαίονται
1338 2318 1492 2375 τοῖσι
1521 2314 1758 2393 μάντισι
1777 2318 1936 2393 βόες,

333 2399 545 2462 πολλοὶ
570 2402 631 2461 δὲ
654 2404 1108 2481 περικεκαυμένοι
1132 2402 1544 2483 ἀποφεύγουσι,
1561 2403 1730 2465 ἐπεὰν
1755 2405 1940 2469 adv-511

314 2485 367 2557 ,ὅ
391 2486 565 2565 ῥυμός
588 2491 930 2569 κατακαυθῇ.
1006 2490 1376 2551 κατακαίουσι
1395 2490 1457 2550 δὲ
1475 2490 1664 2569 τρόπῳ
1686 2495 1766 2571 τῷ
1785 2495 1936 2571 ἐἰρη-

329 2575 477 2653 μένῳ
502 2576 596 2635 καὶ
620 2574 690 2636 δι’
715 2574 900 2640 ἄλλας
920 2578 1097 2642 αἰτίας
1113 2577 1244 2641 τούς
1260 2576 1511 2656 μα’ντιας,
1530 2578 1938 2655 ψευδομάντιας

331 2662 641 2728 καλέοντες.
720 2662 851 2727 τοῦς
886 2663 932 2723 δ’
968 2663 1037 2745 ἂν
1066 2664 1365 2742 ἀποκτείνῃ
1398 2662 1694 2741 βασιλεῦς,
1719 2665 1938 2729 τούτων

331 2748 457 2810 οὐδὲ
506 2750 635 2815 τοῦς
680 2752 884 2816 παῖδας
926 2751 1129 2813 λείπει·
1179 2752 1334 2812 σῖλλοὶ
1379 2749 1564 2813 πάντα
1607 2750 1682 2813 τοὶ
1727 2752 1936 2831 ἔρσενα

330 2838 541 2908 κτείνει,
566 2865 639 2899 τα
664 2839 725 2899 δὲ
750 2839 929 2915 θήλεα
954 2838 1055 2899 οὐκ
1081 2839 1303 2899 ἀδικέει.

233 2924 379 2982 70
398 2923 606 3000 Ὅρκια
648 2926 709 2986 δὲ
748 2929 1033 2987 ποιεῦνται
1074 2926 1284 2991 Σκύθαι
1331 2923 1452 2997 ὧδε,
1494 2925 1638 3005 προς
1681 2952 1815 2992 τους
1863 2927 1936 2991 ἂν

328 3012 637 3072 ποιέωνται·
680 3018 736 3076 ἐς
774 3013 976 3073 κύλικα
1014 3012 1271 3094 μεγάλην
1311 3016 1610 3091 κεραμίνην
1648 3015 1801 3076 οἶνον
1841 3022 1932 3098 ἐγ-

324 3096 565 3170 χέαντες,
583 3100 723 3175 αἷμα
743 3102 1138 3182 συμμίσγουσι
1155 3106 1264 3162 τῶν
1283 3127 1354 3161 τα
1374 3101 1535 3179 ὅρκια
1553 3105 1930 3181 ταμνομένων,

324 3179 651 3254 τύψαντες’
618 3187 815 3246 οπέατι
840 3186 877 3261 ἢ
906 3186 1264 3264 ἐπιταμόντες
1287 3190 1540 3269 μαχαίρῃ
1567 3215 1810 3268 σμικρον
1827 3197 1938 3253 τοῦ

325 3262 603 3337 σώματος·
657 3272 754 3329 καὶ
796 3274 988 3332 ἔπειτα
1026 3272 1431 3353 ἀποβάψαντες
1476 3281 1532 3341 ἐς
1575 3276 1684 3354 τήν
1722 3276 1936 3340 ¹05qu-
