2250 3500
323 131 343 176 l
356 122 607 189 17-120]
906 127 1362 177 MEAIIOMENH.
1833 131 1928 182 327

317 209 467 284 χρῆν
508 202 679 265 αύτόν
717 201 939 265 πάντων
978 209 1091 265 τῶν
1137 204 1330 265 ἄλλων
1371 205 1740 285 α’πεχόμενον,
1786 207 1928 268 οὕτω

321 293 459 353 ἰέναι
492 293 585 352 ἐπὶ
619 290 725 367 τήν
761 291 1053 370 ἡμετέρην·
1097 293 1190 352 καὶ
1227 291 1296 352 ἂν
1321 291 1524 368 ἐδήλου
1549 298 1711 365 πᾶσι,
1742 294 1811 358 ὥς
1839 296 1931 355 ἐπὶ

320 380 541 444 Σκύθας
582 379 800 440 ἐλαύνει
840 382 932 439 καὶ
974 380 1075 440 οὐκ
1120 380 1213 438 ἐπὶ
1253 380 1383 444 τούς
1429 379 1660 444 ἄλλους.
1728 386 1825 442 νῦν
1865 384 1926 443 δὲ

319 470 445 528 ἐπεί
479 494 542 528 τε
580 466 828 546 τάχιστα
864 468 1029 545 διέβη
1054 467 1221 544 τήνδε
1250 467 1354 544 τήν
1391 467 1639 545 ἤπειρον,
1666 469 1795 533 τούς
1823 473 1930 530 αἰεὶ

319 555 577 633 ἐμποδῶν
616 557 940 637 γινομένους
978 555 1286 633 ἡμεροῦται
1321 556 1553 619 πάντας·
1593 557 1722 620 τούς
1761 584 1825 617 τε
1860 559 1928 635 δή

317 642 531 708 ἅλλους
574 645 689 722 ἔχει
733 642 827 703 ὑπ’
872 647 1048 724 ε’ωυτῷ
1088 644 1347 721 Θρήϊκας,
1391 644 1484 702 καὶ
1535 643 1605 719 δή
1658 646 1750 704 καὶ
1784 646 1931 723 ,τούς

316 731 453 808 ἡμῖν
471 732 662 795 ἐόντας
687 732 1116 811 πλησιοχώρους
1142 731 1368 795 Γέτας.”
1430 736 1618 792 Ταῦτα
1635 733 1890 796 Σκυθέων
1909 737 2020 794 119

286 871 291 874 .
318 820 835 900 ἐπαγγελλομένων,
854 819 1226 896 ἐβουλεύοντο
1248 823 1302 879 οἱ
1327 820 1599 897 βασιλέες
1616 824 1669 879 οἱ
1685 819 1798 881 οἷπὸ
1819 824 1930 882 τῶν

318 908 515 968 ἐθνέων
538 907 783 983 ἥκοντες·
825 909 922 967 καί
942 913 1136 984 σφεων
1163 909 1519 987 ἐσχίσθησαν
1545 911 1604 966 αἱ
1627 911 1862 988 γνῶμαι·
1897 908 1929 968 6

314 996 420 1071 μὲν
443 995 555 1075 γοῖρ
582 996 851 1067 Γελωνὸς,
882 996 973 1054 καὶ
998 994 1031 1055 6
1058 996 1339 1065 Βουδῖνος,
1367 996 1460 1054 καὶ
1486 995 1518 1055 6
1545 995 1925 1073 Σαυρομάτης,

320 1083 461 1142 κατοὶ
493 1083 671 1144 τῶυτό
706 1084 1011 1165 γενόμενοι,
1039 1083 1370 1143 ὖπεδέκοντο
1407 1083 1662 1162 Σκύθῃσι
1687 1085 1926 1162 τιμωρή-

317 1195 459 1230 σειν·
498 1171 529 1230 6
558 1171 617 1230 δὲ
641 1170 1011 1251 Ἀγάθυρσος,
1032 1171 1124 1229 καὶ
1150 1170 1383 1248 Νευρός,
1404 1172 1495 1230 καὶ
1519 1171 1924 1251 Ἀνδροφάγος,

317 1258 411 1316 καὶ
438 1261 492 1317 οἱ
516 1261 627 1319 τῶν
652 1258 1107 1339 Μελαγχλαίνων
1134 1259 1226 1317 καὶ
1251 1259 1492 1333 Ταύρων,
1514 1258 1646 1318 τάδε
1672 1260 1926 1338 Σκύθῃσι

315 1344 697 1422 ὑπεκρίναντο·
734 1356 769 1382 “
787 1349 835 1405 εἷ
859 1348 963 1422 μὲν
988 1345 1068 1422 μὴ
1095 1344 1253 1422 ὖμεῖς
1278 1345 1402 1403 ἔατε
1429 1349 1484 1405 οἶ
1509 1345 1782 1425 πρότερον
1806 1347 1918 1406 οἷὸι-

318 1432 589 1508 κήσαντες
615 1434 847 1510 Πέρσας
874 1434 965 1491 καὶ
993 1431 1254 1509 ἄρξαντες
1280 1433 1552 1509 πολέμου,
1573 1432 1782 1493 τούτων
1807 1433 1923 1493 δεό-

316 1547 477 1596 μενοι
513 1526 623 1580 τῶν
658 1525 756 1582 νῦν
793 1521 989 1580 δέεσθε
1024 1520 1214 1600 λέγειν
1248 1545 1313 1580 τε
1347 1518 1416 1579 ἂν
1455 1520 1756 1595 ἐφαίνεσθε
1787 1520 1923 1597 ἡμῖν

318 1606 477 1685 ὀρθοὶ,
508 1609 600 1666 καὶ
625 1607 785 1686 η’μεῖς
822 1607 1240 1670 ὑπακούσαντες
1264 1606 1440 1668 τῶυτό
1467 1605 1536 1667 ἂν
1559 1606 1690 1684 ύμῖν
1717 1607 1922 1686 ἐπρήσ-

318 1721 518 1773 σομεν·
558 1700 657 1757 νῦν
694 1697 753 1756 δὲ
787 1696 944 1774 ὑμεῖς
982 1721 1047 1757 τε
1085 1701 1141 1761 ἐς
1182 1696 1287 1772 τήν
1319 1696 1536 1757 ἐκείνων
1579 1696 1923 1773 ἐσβαλόντες

316 1789 429 1865 γῆν
454 1810 583 1844 ανευ
622 1784 823 1861 ἤμέων,
858 1786 1215 1863 ἐπεκρατέετε
1249 1784 1575 1863 Περσέων’
1543 1811 1683 1846 οσον
1715 1785 1920 1865 χρόνον

316 1871 451 1947 υμῖν
478 1872 509 1932 6
538 1873 662 1937 θεὸς
686 1873 1001 1950 παρεδίδου·
1044 1873 1138 1931 καὶ
1165 1876 1378 1944 ἐκεῖνοι,
1401 1874 1524 1932 ἐπεί
1544 1880 1728 1949 σφεας
1753 1873 1922 1937 ‹Bm-65·

320 1959 449 2023 θεὸς
488 1962 701 2041 ἐγείρει,
737 1962 842 2037 τήν
881 1954 1082 2039 ομοίην
1116 1960 1250 2037 υμῖν
1284 1958 1633 2019 ἀποδιδοῦσι·
1672 1960 1832 2037 ἡμεῖς
1862 1961 1923 2020 δὲ

319 2046 448 2107 οὔτε
483 2074 539 2107 τι
568 2048 697 2109 τότε
733 2049 1081 2127 ἠδικήσαμεν
1104 2047 1234 2109 τούς
1270 2044 1472 2123 ἄνδρας
1496 2044 1724 2109 τούτους
1749 2045 1920 2117 οὐδὲν,

319 2134 447 2197 οὔτε
482 2139 579 2197 νῦν
613 2136 876 2214 πρότεροι
911 2134 1299 2213 πειρησόμεθα
1333 2132 1586 2193 ἀδικέειν·
1626 2130 1696 2208 ἢν
1730 2134 1922 2209 μέντοι

320 2224 573 2301 ἐπίῃκαὶ
599 2225 691 2284 ἐπὶ
716 2224 821 2300 τήν
846 2224 1119 2301 ἡμετέρην
1133 2220 1275 2301 ἄρξῃ
1298 2247 1361 2281 τε
1387 2219 1630 2291 ἀδικέων,
1647 2220 1740 2279 καὶ
1762 2220 1923 2297 ἡμεῖς

318 2310 387 2370 οὗ
412 2311 746 2389 πεισόμεθα·
786 2314 956 2391 μέχρι
982 2312 1041 2371 δὲ
1065 2314 1232 2385 τοῦτο
1257 2310 1474 2390 ἴδωμεν,
1500 2309 1768 2391 μενέομεν
1792 2308 1924 2387 παρ’

318 2397 457 2476 ἡμῖν
499 2398 741 2459 αυτοῖσι·
798 2400 952 2475 ἥκειν
1000 2397 1113 2480 γοῖρ
1163 2399 1426 2476 δοκέομεν
1467 2422 1569 2457 ουκ
1623 2396 1706 2458 ἐπ’
1748 2396 1924 2476 ημέας

320 2488 571 2563 Πέρσας,
608 2486 741 2547 ἀλλ’
780 2488 873 2547 ἐπὶ
905 2513 1036 2551 τους
1072 2486 1280 2550 αἰτίους
1307 2489 1410 2563 τῆς
1447 2484 1660 2585 ἅδικιης
1697 2488 1920 2568 γενομέ-

318 2573 499 2637 νους.”

401 2663 647 2723 Ταῦτα”
605 2690 676 2727 ως
690 2663 1085 2742 ἀπενειχθέντα
1102 2661 1374 2723 ἐπύθοντο
1396 2689 1450 2721 οι
1431 2660 1694 2729 ’Σκύθαα
1717 2662 1880 2737 ἐβου-
1900 2662 2016 2719 120

318 2749 552 2810 λεύοντο
594 2752 892 2830 ἰθυμαχίην
929 2754 1033 2828 μὲν
1070 2750 1345 2830 μηδεμίαν
1383 2748 1676 2808 ποιέεσθαι
1719 2752 1780 2805 ἐκ
1821 2752 1924 2808 τοῦ

318 2837 615 2915 ἐμφανέος,
647 2836 759 2917 (ὅτι
798 2837 867 2914 δή
901 2844 1015 2915 σφι
1056 2836 1214 2897 οὗτοί
1241 2862 1308 2917 γε
1333 2834 1627 2914 σύμμαχοι
1653 2833 1718 2893 οὗ
1743 2860 1921 2911 προσ-

317 2926 609 3008 εγίνσντο,)
662 2925 977 2996 ὑπεξιόντες
1028 2925 1087 2985 δὲ
1137 2923 1254 3005 [καὶ
1303 2921 1789 3003 ύπεξελαύνοντες]
1851 2922 1923 2981 τοὶ

317 3016 539 3091 φρέατα
563 3016 636 3075 τοὶ
661 3014 974 3091 παρεξίοιεν
1000 3012 1158 3073 αὐτοὶ
1185 3011 1277 3069 καὶ
1301 3010 1401 3073 τοίς
1427 3008 1628 3087 κρήνας
1653 3012 1922 3090 συγχοῦν,

316 3102 428 3179 τὴν
463 3104 635 3180 ποίην
672 3128 736 3163 τε
784 3107 845 3161 ἐκ
886 3106 987 3177 τῆς
1029 3104 1137 3182 γῆς
1189 3098 1483 3175 ἐκτριβειν,
1533 3097 1692 3178 διχσῧ
1739 3096 1924 3173 σφέας

316 3190 614 3256 διελόντες·
656 3192 749 3249 καὶ
783 3190 927 3266 πρὸς
962 3192 1067 3268 μὲν
1100 3187 1206 3265 τήν
1242 3186 1378 3263 μίαν
1415 3190 1526 3247 τῶν
1549 3186 1784 3265 μοιρέων
1821 3188 1924 3261 τῆς

318 3285 629 3360 ἐβασίλευε
656 3278 972 3347 Σκωπασις,
992 3276 1375 3353 προσχωρέειν
1391 3272 1774 3351 Σαυρομάτας·
1800 3270 1922 3330 τού-
