2250 3500
329 109 431 158 240
941 107 1308 157 ἯΡοΔοτοτ
1797 104 1932 173 [111.

330 188 531 267 μένους
552 214 617 249 τε
642 188 736 249 καὶ
758 190 1030 265 βοῶντας,
1058 185 1166 247 ἀνά
1189 212 1254 247 τε
1285 186 1524 265 ἔδραμον
1547 185 1723 247 πάλιν
1749 185 1936 263 ἀμφό·

328 301 481 353 τεροι
524 277 635 345 καὶ,
684 275 757 340 οἷς
802 276 1010 351 ἔμαθον
1054 274 1121 334 τό
1175 274 1522 351 ποιεύμενον,
1569 275 1710 352 πρὸς
1756 274 1938 351 ἀλκήν

334 362 659 440 ἐτράποντο·
700 363 733 422 6
756 365 863 440 μὲν
886 362 956 437 δὴ
992 360 1171 423 αὖτῶν
1205 362 1407 437 φθάνει
1437 388 1514 421 τα
1537 362 1680 432 τόξα
1709 361 1938 423 κατελό·

330 474 512 528 μενος,
538 450 571 511 6
608 450 669 510 δὲ
702 450 845 527 πρός
874 475 983 525 την
1014 445 1228 528 αἰχμὴν
1267 449 1556 526 ἐτράπετο·
1601 446 1839 511 ἐνθαῦτα
1877 451 1940 510 δὲ

332 539 679 620 συνέμισγον
709 537 1160 616 ἀλλήλοισι·τῷ
1188 539 1291 613 μὲν
1329 536 1399 612 δή
1438 535 1512 597 τά
1550 536 1692 607 τόξα
1729 536 1940 599 ἀναλα-

330 625 499 703 βόντι
544 626 739 697 αὐτῶν,
788 625 987 686 ἐόντων
1025 650 1089 686 τε
1135 623 1317 705 ἀγχοῦ
1359 627 1472 685 τῶν
1516 627 1803 701 πολεμίων
1845 628 1938 686 καὶ

333 714 765 793 προσκειμένων,
810 712 884 789 ἦν
927 738 1156 792 χρηστα
1205 711 1382 773 οὐδέν·
1449 712 1485 773 6
1537 712 1585 772 δ’
1633 713 1820 790 ἔτερος
1865 718 1957 793 τῇ.

336 806 517 884 αἰχμῇ
554 802 813 879 ἠμύνετο,
849 801 942 861 καὶ
980 804 1149 862 τοῦτο
1188 802 1292 877 μὲν
1313 799 1666 877 Ἀσπαθίνην
1690 803 1846 861 παίει
1885 808 1942 866 ἐς

332 890 435 953 τὰν
472 889 669 968 μηρόν,
702 894 870 950 τοῦτο
911 889 973 948 δὲ
995 888 1357 966 ’Ῑνταφέρνεα
1397 893 1453 952 ἐς
1481 888 1582 949 τὸν
1614 888 1939 967 ὀφθαλμόν·

337 979 433 1039 καὶ
466 976 741 1054 ἐστερήθη
776 978 881 1053 μὲν
910 980 1013 1037 τοῦ
1038 975 1348 1053 ὀφθαλμοῦ
1381 982 1442 1036 ἐκ
1467 980 1568 1037 τοῦ
1592 976 1884 1053 τρώματος
1908 977 1941 1038 6

334 1064 706 1141 Ἰνταφέρνης,
755 1062 822 1123 οὗ
872 1063 1067 1141 μέντοι
1118 1062 1364 1124 ἀπέθανέ
1408 1090 1496 1145 γε.
1575 1068 1690 1125 τῶν
1727 1066 1832 1141 μὲν
1870 1064 1941 1141 δὴ

336 1152 552 1234 Μάγων
602 1150 825 1228 οὕτερος
869 1151 1198 1227 τρωματίζει
1242 1150 1490 1215 τούτους·
1552 1150 1585 1211 6
1633 1152 1693 1211 δὲ
1739 1152 1941 1229 ἔτερος,

338 1240 462 1301 ἐπεί
478 1239 541 1300 τέ
569 1242 624 1299 οἶ
647 1237 721 1300 τοὶ
744 1238 883 1309 τόξα
919 1236 1079 1298 οὐδὲν
1107 1238 1335 1317 χρηστὰ
1374 1238 1611 1320 ἐγένετο,
1638 1238 1712 1317 ἦν
1733 1240 1846 1320 γάρ
1872 1240 1943 1317 δὴ

340 1328 596 1406 θάλαμος
635 1326 846 1407 ἐσέχων
886 1330 942 1391 ἐς
979 1324 1081 1386 τᾶν
1115 1325 1407 1402 ἀνδρεῶνα,
1449 1330 1506 1389 ἐς
1538 1329 1740 1386 τοῦτον
1779 1352 1944 1388 κατα-

340 1416 553 1498 φεύγει,
580 1414 759 1477 θέλων
798 1412 969 1475 αὖτοῦ
1006 1413 1340 1491 προσθεῖναι
1377 1412 1479 1477 τάς
1519 1413 1710 1491 θύρας·
1753 1416 1854 1475 καί
1889 1419 1945 1475 οἱ

338 1505 789 1565 συνεσπίπτουσι
824 1506 937 1564 τῶν
976 1500 1118 1562 ἑπτὰ
1158 1499 1274 1570 δύο,
1318 1501 1557 1579 Δαρεῖός
1593 1527 1657 1562 τε
1699 1502 1792 1561 καὶ
1831 1509 1946 1563 Γω·

340 1592 542 1669 βρύης·
607 1589 1036 1667 συμπλακέντος
1086 1589 1148 1649 δὲ
1202 1589 1480 1666 Γωβρύεω
1529 1594 1610 1669 τῷ
1658 1589 1946 1672 Μάγῳ,ὄ

342 1682 581 1756 Δαρεῖος
621 1676 895 1740 ἐπεστεως
930 1675 1149 1753 ἠπόρει,
1185 1676 1278 1736 οἶα
1313 1681 1373 1737 ἐν
1403 1676 1600 1738 σκότεϊ
1632 1678 1944 1755 προμηθεό-

341 1791 507 1844 μενος
534 1765 616 1842 μὴ
646 1764 839 1843 πλήξῃ
871 1764 971 1825 τόν
1003 1764 1298 1841 Γωβρύην·
1341 1763 1514 1842 ὁρέων
1545 1765 1606 1825 δέ
1639 1791 1740 1843 μιν
1773 1765 1949 1847 ἀργόν

344 1857 661 1915 ἐπεστεῶτα
711 1851 744 1911 6
794 1850 1083 1928 Γωβρύης,
1124 1852 1302 1929 εἴρετο
1343 1852 1376 1912 ὅ
1413 1878 1472 1913 τι
1519 1879 1584 1912 ου
1631 1857 1838 1932 χρᾶται
1874 1857 1948 1933 τῇ

310 1942 500 2023 ·χερι’·
484 1987 501 2012 ,
543 1940 576 2000 6
613 1941 673 2000 δὲ
709 1939 848 2000 εἶπε·
889 1949 925 1975 “
940 1939 1396 2016 προμηθεόμενος
1426 1939 1550 2011 σέο,
1579 1940 1663 2018 μὴ
1699 1941 1948 2018 πλήξωΡ

344 2028 615 2108 Γωβρύης
646 2029 705 2088 δὲ
736 2027 1026 2106 ἀμείβετο·
1069 2037 1103 2064 “
1123 2025 1253 2088 ὤθει
1283 2027 1377 2087 καὶ
1413 2026 1481 2087 δι’
1517 2027 1854 2106 ἀμφοτέρων
1879 2029 1948 2090 τὰ

346 2116 563 2196 ξίφος·”
616 2120 855 2195 Δαρεῖος
904 2115 966 2174 δὲ
1016 2114 1365 2191 πειθόμενος,
1408 2113 1525 2176 ὦσέ
1562 2141 1627 2176 τε
1665 2115 1733 2178 τό
1773 2121 1950 2198 ἐγχει-

349 2207 526 2284 ρίδιον
552 2205 644 2265 καὶ
670 2203 828 2283 ἔτυχέ
855 2228 959 2266 κως
984 2206 1084 2264 τοῦ
1112 2201 1343 2283 Μάγου.
1438 2225 1441 2228 ·

252 2295 329 2355 79
426 2292 880 2354 Ἀποκτείναντες
914 2291 975 2350 δὲ
1004 2291 1136 2354 τοῦς
1170 2290 1408 2370 Μάγους
1439 2290 1533 2349 καὶ
1569 2289 1953 2369 ἀποταμόντες

347 2381 527 2441 αὐτῶν
573 2378 677 2442 τοὶς
729 2377 997 2455 κεφαλάς,
1036 2377 1168 2441 τούς
1218 2380 1324 2455 μὲν
1374 2380 1690 2456 τρωματίας
1742 2385 1954 2442 ἑωυτῶν

349 2467 519 2528 αὐτοῦ
553 2466 835 2536 λείπουσι,
869 2466 963 2525 καὶ
992 2463 1294 2542 ἀδυνασίης
1330 2465 1533 2528 εἵνεκεν
1567 2468 1660 2527 καὶ
1691 2473 1954 2545 φυλακῆς

349 2559 453 2632 τῆς
493 2553 848 2632 ἀκροπόλιος·
930 2555 987 2614 οἱ
1027 2553 1087 2614 δὲ
1133 2552 1300 2614 πέντε
1355 2553 1534 2616 αὐτῶν
1581 2556 1802 2635 ἔχοντες
1844 2561 1956 2618 τῶν

352 2644 569 2726 Μάγων
591 2642 693 2706 τοὶς
717 2639 988 2717 κεφαλὰς,
1024 2641 1182 2702 ἔθεον
1213 2641 1316 2712 ἔξω
1346 2643 1467 2721 βοῇ
1505 2667 1571 2703 τε
1604 2643 1699 2703 καὶ
1722 2644 1956 2726 πατάγῳ

351 2731 672 2812 χρεώμενοι·
727 2729 821 2788 καὶ
859 2727 1092 2805 Πέρσας
1130 2727 1262 2793 τοῦς
1313 2728 1528 2793 ἅλλους
1567 2730 1955 2803 ἐπεκαλέοντο,

314 2890 331 2904 „
354 2817 710 2901 ἐξηγεόμενοί
724 2841 789 2878 τε
812 2816 881 2878 τὰ
906 2819 1144 2898 πρῆγμα
1169 2817 1262 2878 καὶ
1293 2816 1632 2881 δεικνύοντες
1653 2818 1759 2883 τὰς
1785 2825 1958 2896 κεφα-

352 2906 478 2972 λάς·
529 2907 623 2966 καὶ
652 2905 772 2982 ἅμα
810 2905 1049 2966 ἔκτεινον
1078 2903 1265 2964 πάντα
1303 2903 1429 2965 τινὰ
1467 2909 1580 2966 τῶν
1608 2905 1828 2988 Μάγων
1857 2906 1959 2967 τᾶν

357 3001 417 3056 ἐν
459 2995 601 3054 ποσὶ
634 2992 1083 3074 γινόμενον.οἶ
1119 2991 1180 3052 δὲ
1221 2991 1450 3068 Πέρσαι
1487 2993 1762 3070 μαθόντες
1795 2994 1865 3056 τό
1895 3020 1962 3056 τε

358 3081 589 3162 γεγονός
629 3085 691 3140 ἐκ
720 3106 832 3140 των
866 3078 1008 3140 ἐπτα
1042 3078 1136 3137 καὶ
1165 3082 1277 3139 τῶν
1299 3079 1562 3191 Μάγων
1571 3081 1679 3157 τὴν
1719 3081 1962 3159 ἀπάτην,

357 3169 622 3228 ἐδικαίευν
654 3166 747 3226 καὶ
780 3166 939 3227 αυτοὶ
973 3165 1135 3242 ἔτερα
1167 3170 1399 3227 τοιαῦτα
1434 3168 1662 3230 ποιέειν·
1732 3169 1962 3230 σπασά-

356 3277 516 3326 μενοι
553 3253 613 3311 δε
650 3253 724 3312 τοὶ
762 3251 1139 3332 ἐγχειρίδια”
1110 3277 1350 3313 εκτεινον
1402 3253 1536 3314 ὅκου
1587 3256 1715 3316 τινὰ.
1755 3256 1968 3338 Μάγον
