2250 3500
357 155 422 203 82
732 177 737 182 -
881 218 884 222 A
968 152 1329 202 ἮΡοΔοΤοτ
1884 152 1955 218 [1.

356 232 620 304 ἅπαντας,
660 230 1058 308 στρατεύονται
1105 231 1181 291 ὧν
1226 229 1310 290 ἐπ’
1353 229 1552 294 αὗτοῦς
1596 235 1760 309 κοινῷ
1804 231 1961 312 λόγῳ

355 319 702 400 χρησάμενοι
716 319 994 396 Τυρσηνοὶ
1011 319 1102 378 καὶ
1117 318 1509 397 Καρχηδόνιοι,
1527 319 1693 395 νηυσὶ
1713 318 1961 398 ἑκάτεροι

356 408 640 483 ἐξήκοντα·
685 410 740 468 οἱ
773 407 833 466 δὲ
858 406 1128 469 Φωκαιέες
1152 405 1671 482 πληρώσαντες-καὶ
1697 406 1857 466 αὐτοὶ
1886 408 1961 468 τοὶ

355 499 549 566 πλοῖα,
578 493 739 555 ἐόντα
765 493 1003 572 ἆριθμόν
1029 492 1313 569 ἐξήκοντα,
1342 491 1599 564 ἀντίαζον
1632 499 1687 557 ἐς
1721 493 1788 554 τὸ
1816 495 1961 572 Σαρ-

357 581 537 643 δόνιον
591 581 930 658 καλεόμενον
975 581 1239 658 πέλαγος·
1304 580 1737 662 συμμισγόντων
1784 581 1844 640 δὲ
1887 587 1963 662 τῇ

355 671 651 750 ναυμαχίῃ,
669 670 924 746 Καδμείη
947 693 1032 731 τις
1056 669 1180 744 νίκη
1204 671 1359 728 τοῖσι
1384 672 1695 727 Φωκαιεῦσι
1722 670 1961 750 ἐγένετο·

356 761 415 817 αἱ
448 762 552 836 μὲν
581 758 692 840 γιὶρ
723 754 1139 834 τεσσεράκοντά
1173 761 1288 832 σφι
1318 759 1444 830 νῆες
1471 753 1873 833 διεφθάρησαν,
1902 761 1963 818 αἶ

357 845 417 904 δὲ
459 847 637 914 effeto-e.
677 847 736 904 αἱ
773 847 1096 920 περιεοῦσαι
1136 841 1287 919 ἦσαν
1327 842 1629 920 ἄχρηστοι·
1682 842 1964 955 ἐπεστρά-

359 938 511 1008 φατο
534 959 643 1015 γαρ
669 956 797 996 τους
831 930 1133 1007 ἐμβόλους·
1178 929 1643 996 καταπλώσαντες
1676 930 1735 989 δὲ
1768 936 1824 994 ἐς
1857 932 1963 1008 τήν

352 1021 647 1096 Ἀλαλίην,
677 1017 961 1095 ἀνέλαβον
990 1045 1063 1078 τα
1097 1018 1265 1078 τέκνα
1301 1017 1394 1076 καὶ
1428 1016 1531 1080 τοὶς
1561 1021 1841 1098 γυναῖκας,
1869 1019 1962 1079 καὶ

355 1134 460 1184 την
485 1107 670 1182 ἄλλην
697 1111 895 1182 κτῆσιν
920 1105 1063 1181 ὅσην
1097 1105 1217 1165 οἶαί
1247 1131 1311 1166 τε
1342 1105 1587 1186 ἐγίνοντο
1614 1107 1672 1164 αἱ
1695 1106 1823 1182 νῆές
1846 1113 1961 1184 σφι

356 1195 528 1276 ἄγειν·
587 1195 679 1253 καὶ
724 1193 912 1254 ἔπειτα
953 1193 1188 1270 ἀφέντες
1231 1192 1335 1268 τὴν
1382 1192 1605 1269 Κύρνον
1650 1193 1853 1254 ἔπλεον
1904 1201 1960 1259 ἐς

267 1285 378 1346 167
398 1281 641 1366 Ῥήγιον.
709 1286 830 1342 Τῶν
863 1282 923 1341 δὲ
955 1281 1397 1358 διαφθαρεισέων
1430 1285 1566 1340 νεῶν
1588 1280 1718 1344 τοῦς
1741 1280 1957 1360 ἄνδρας,

359 1373 419 1433 οἵ
445 1397 507 1432 τε
534 1370 912 1451 Καρχηδόνιοι
949 1370 1041 1429 καὶ
1072 1373 1127 1430 οἱ
1158 1369 1436 1446 Τυρσηνοὶ
1464 1367 1669 1447 ἔλαχόν
1692 1395 1755 1428 τε
1782 1370 1960 1431 αὐτῶν

354 1464 554 1540 πολλῷ
576 1461 819 1528 πλείους,
843 1458 934 1517 καὶ
957 1457 1185 1520 τούτους
1209 1456 1570 1538 ἐξαγαγόντες
1596 1457 1956 1520 κατέλευσαν.

355 1548 500 1626 μετὰ
525 1549 601 1619 δὲ,
627 1547 1027 1627 Ἀγυλλαίοισι
1050 1543 1237 1606 πάντα
1259 1544 1333 1604 τοὶ
1357 1543 1631 1622 παριόντα
1652 1543 1752 1604 τόν
1775 1551 1959 1624 χῶρον

359 1642 418 1696 ἐν
455 1638 532 1714 τῷ
575 1639 629 1695 οἱ
669 1634 940 1696 Φωκαιέες
987 1633 1456 1696 καταλευσθέντες
1503 1632 1695 1692 ἐκέατο
1748 1629 1959 1715 ἐγίνετο

356 1722 676 1801 διάστροφα
711 1722 804 1780 καὶ
837 1722 1056 1799 ἔμπηρα
1088 1721 1181 1780 καὶ
1213 1719 1571 1797 ἀπόπληκτα,
1591 1716 1800 1797 ’ὁμοίως
1824 1722 1957 1800 πρό-

295 1886 300 1891 ,
355 1814 513 1887 βατα
544 1811 636 1869 καὶ
665 1808 938 1889 ὑποζύγια
975 1809 1066 1867 καὶ
1101 1807 1399 1887 ἅνθρωποι·
1442 1812 1497 1868 οἱ
1532 1809 1592 1868 δὲ
1624 1807 1958 1889 Ἀγυλλαῖοι

311 1910 322 1921 “
356 1904 411 1962 ἐς
463 1895 730 1989 Δελφοῧς
791 1898 1039 1974 ἔπεμπον
1087 1895 1433 1973 βουλόμενοι
1484 1895 1807 1957 ἀκέσασθαι
1855 1898 1961 1975 τήν

355 1991 744 2073 ἁμαρτάδα,ιῆ
785 1992 845 2052 δὲ
887 1992 1073 2069 Πυθίη
1114 1991 1301 2067 σφέας
1342 1991 1603 2051 ἐκέλευσε
1639 1992 1849 2053 ποιέειν
1885 1993 1959 2053 τὰ

355 2084 448 2143 καὶ
473 2087 570 2145 νῦν
605 2108 660 2143 οι
684 2080 1081 2163 Ἀγυλλαῖοι”
1053 2105 1133 2140 ετι
1162 2078 1527 2139 ἐπιτελέουσι·
1570 2077 1663 2136 καὶ
1690 2078 1802 2158 γοῖρ
1840 2085 1955 2139 ἐνα-

351 2172 578 2254 γίζουσί
591 2176 701 2249 σφι
720 2169 993 2252 μεγάλως,
1017 2169 1109 2234 καὶ
1129 2165 1317 2250 ἇγῶνα
1334 2192 1601 2248 γυμνικον
1620 2167 1712 2225 καὶ
1732 2167 1959 2229 ἶππικον

355 2263 640 2319 ἐπιστᾶσι.
684 2258 777 2316 καὶ
805 2256 958 2316 οὗτοι
982 2282 1088 2333 μεν
1111 2280 1223 2315 των
1242 2254 1531 2314 Φωκαιέων
1550 2253 1781 2333 τοιούτῳ
1804 2255 1959 2336 μόρῳ

355 2344 742 2423 διεχρήσαντο·
785 2369 840 2403 οι
872 2344 931 2401 δὲ
968 2342 1149 2403 αὐτῶν
1180 2348 1235 2406 ἐς
1264 2368 1331 2403 το
1358 2340 1583 2422 Ῥήγιον
1611 2342 1957 2423 καταφυγόν-

351 2456 458 2501 τες,
503 2431 750 2490 ἐνθεῦτεν
788 2427 1128 2505 όρμεῶμενοι
1164 2430 1471 2505 ἐκτήσαντο
1506 2428 1675 2489 πόλιν
1712 2432 1820 2509 ’γῆς
1856 2434 1961 2506 τῆς

355 2518 656 2595 Οἰνωτρίης
679 2515 902 2591 ταύτην,
937 2516 1059 2592 ἥτις
1091 2521 1191 2577 νῦν
1212 2516 1383 2594 ’Υέλη
1412 2517 1688 2576 καλέεται·
1732 2518 1961 2577 ἔκτισαν

354 2605 414 2665 δὲ
453 2604 674 2681 ταύτην,
715 2603 856 2681 πρὸς
885 2603 1081 2680 οἷνδρὸς
1105 2604 1560 2681 Ποσειδωνιήτεω
1585 2603 1859 2682 μαθόντες
1886 2604 1961 2669 ὥς

349 2693 449 2754 τὸν
477 2692 696 2770 Κύρνον
721 2698 835 2767 σφι
863 2691 902 2768 ἦ
927 2692 1116 2769 Πυθίη
1144 2692 1352 2772 ἔχρησε
1380 2692 1569 2753 κτίσαι
1593 2691 1741 2770 ἥρων
1777 2691 1959 2764 ἐόντα,

351 2778 482 2840 ἀλλ’
509 2779 574 2840 οὗ
601 2779 706 2857 τήν
729 2783 926 2856 νῆσον.

260 2868 376 2926 168
473 2868 723 2943 Φωκαίης
752 2867 865 2953 μέν,
890 2893 987 2928 νυν
1017 2869 1148 2945 πέρι
1178 2871 1280 2943 τῆς
1310 2871 1371 2928 ἐν
1398 2866 1577 2945 Ἰωνίῃ
1606 2866 1777 2931 οὕτως
1802 2867 1961 2946 ἔσχε.

351 2953 728 3029 παραπλήσια
752 2954 812 3013 δὲ
836 2954 1088 3015 τούτοισι
1114 2953 1207 3013 καὶ
1230 2954 1391 3029 Τήῖοι
1417 2957 1708 3032 ἐποίησαν·
1752 2956 1877 3013 ἐπεί
1896 2981 1965 3016 τε

352 3037 464 3117 γάρ
491 3044 683 3145 σφεων
720 3040 836 3100 εἷλε
872 3042 1092 3121 χώματι
1117 3040 1185 3100 τό
1185 3044 1396 3149 ³'affixos‘
1410 3040 1721 3121 Ἅρπαγος,
1752 3041 1965 3118 ἐσβάν-

349 3147 443 3185 τες
482 3148 684 3191 παντες
725 3132 780 3192 ἐς
819 3129 892 3188 τοὶ
930 3131 1108 3187 πλοῖα
1153 3126 1373 3203 οἴχοντο
1416 3128 1684 3191 πλέοντες
1728 3129 1822 3188 ἐπὶ
1859 3132 1971 3204 τῆς

353 3211 631 3289 Θρηϊκίης,
667 3216 760 3275 καὶ
795 3216 1033 3277 ἐνθαῦτα
1075 3214 1302 3272 ἔκτισαν
1338 3212 1509 3274 πόλιν
1529 3213 1816 3294 Ἄβδηρα·
1854 3240 1971 3292 την

351 3320 619 3371 προτερος
655 3302 864 3363 τούτων
901 3298 1287 3375 Κλαζομένιος
1315 3298 1590 3376 Τιμήσιος
1616 3304 1830 3374 κτίσας,
1860 3327 1969 3365 ουκ
