2250 3500
327 139 389 186 σε
943 136 1309 188 ‘urowa-ow
1858 133 1932 200 [Ι.

324 217 394 293 δή
428 222 505 296 τῷ
541 217 729 279 θύοντι
771 218 881 296 ἰδίῃ
919 216 1106 297 μούνῳ
1154 216 1219 278 οὔ
1262 220 1318 278 οἱ
1358 217 1635 298 ἐγγίνεται
1682 213 1936 293 ἀρᾶσθαι

325 305 531 386 ἀγαθά·
573 305 604 365 ὅ
633 305 692 364 δὲ
717 310 864 366 πᾶσι
888 309 1042 366 τοῖσι
1061 306 1330 384 Πέρσῃσι
1350 303 1677 382 κατεύχεται
1705 303 1764 363 εὖ
1788 305 1934 384 γίνε-

326 394 480 462 σθαι,
525 394 617 452 καὶ
656 398 732 472 τῷ
764 397 1022 471 βασιλεῖ·
1066 399 1124 454 ἐν
1154 393 1266 475 γὰρ
1300 392 1368 468 δὴ
1396 396 1549 452 τοῖσι
1574 390 1759 451 ἅπασι
1785 394 1937 472 Πέρ-

326 507 470 559 σῃσι
502 484 594 541 καὶ
633 481 798 545 αὐτὸς
821 483 1052 563 γίνεται·
1094 481 1263 542 ἐπεὰν
1289 481 1349 540 δὲ
1385 479 1756 557 διαμιστύλας
1790 482 1938 542 κατὰ

323 569 498 646 μέρεα
535 570 601 630 τό
637 569 814 647 ἱρήῖον
841 569 1030 649 ἑψήσῃ
1055 568 1129 630 τοὶ
1156 569 1305 646 κρέα,
1333 567 1635 630 ὖποπάσας
1668 566 1837 644 ποίην
1860 568 1938 634 ὥς

328 656 701 734 ἁπαλωτάτην
735 657 993 736 μάλιστα
1027 657 1089 717 δὲ
1121 657 1190 718 τὰ
1228 658 1562 734 τρίφυλλον,
1600 655 1692 715 ἐπὶ
1728 655 1936 734 ταύτης

327 745 489 822 ἔθηκε
522 744 596 806 ὧν
625 745 812 806 πάντα
841 745 914 805 ταῖ
945 745 1098 823 κρέα·
1142 744 1425 807 διαθέντος
1451 743 1511 803 δὲ
1536 742 1724 815 αὐτοῦ,
1749 743 1935 825 μάγος

326 831 467 911 ἀνὴρ
506 833 828 912 παρ-εστεῶς
868 833 1108 892 ἐπαείδει
1148 832 1439 912 θεογονίην
1468 831 1593 906 οἴην
1625 830 1693 907 δή
1734 835 1934 892 ἐκεῖνοι

325 922 563 1003 λέγουσι
601 921 742 981 εἶναι
774 922 879 996 τήν
911 919 1195 997 ἐπαοιδήν·
1237 919 1366 980 ἄνευ
1396 918 1510 1000 γὰρ
1544 919 1614 995 δή
1639 918 1827 999 μάγου
1864 920 1933 981 οὔ

327 1014 442 1084 σφι
480 1007 649 1084 νόμος
686 1010 809 1069 ἐστὶ
842 1008 1040 1072 θυσίας
1079 1008 1392 1070 ποιέεσθαι·
1450 1006 1699 1086 ἐπισχὼν
1724 1006 1785 1068 δὲ
1812 1007 1933 1069 ὀλί-

327 1120 432 1174 γον
464 1093 685 1173 χρόνον,
714 1095 1062 1173 ἀποφέρεται
1084 1095 1118 1157 ὁ
1144 1094 1324 1159 θύσας
1349 1094 1421 1156 τοὶ
1447 1095 1582 1174 κρέα
1608 1095 1699 1154 καὶ
1723 1099 1933 1175 χρᾶται

329 1181 364 1242 ὅ
386 1208 442 1243 τι
466 1208 564 1260 μιν
591 1182 763 1264 λόγος
789 1185 977 1260 αἱρέει.

235 1272 348 1330 133
429 1270 682 1349 Ἡμέρην
706 1271 766 1331 δὲ
792 1271 1054 1333 ἁπασέων
1076 1271 1335 1350 μάλιστα
1360 1272 1571 1347 ἐκείνην
1588 1274 1757 1349 τιμᾶν
1774 1273 1929 1350 νομί-

329 1360 490 1431 ζουσι
524 1363 597 1439 τῇ
635 1361 870 1423 ἕκαστος
901 1362 1139 1442 ἐγένετο.
1208 1365 1267 1421 ἐν
1288 1359 1465 1439 ταύτῃ
1490 1359 1551 1419 δὲ
1575 1360 1730 1419 πλέω
1767 1360 1932 1422 δαῖτα

323 1452 436 1508 τῶν
477 1446 671 1509 ἄλλων
711 1448 986 1508 δικαιεῦσι
1025 1449 1413 1526 προτίθεσθαι·
1457 1452 1515 1508 ἐν
1548 1452 1621 1526 τῇ
1660 1450 1714 1508 οἳ
1756 1447 1933 1509 εὐδαί-

323 1561 492 1612 μονες
530 1535 711 1598 αὖτῶν
744 1538 890 1613 βοῦν
931 1537 1024 1596 καὶ
1061 1537 1235 1597 ἵππον
1265 1536 1358 1595 καὶ
1390 1534 1644 1612 κάμηλον
1675 1536 1769 1594 καὶ
1802 1534 1933 1598 ὄνον

325 1624 706 1700 προτιθέαται,
733 1622 901 1686 ὅλους
932 1623 1137 1688 ὄπτοῦς
1171 1628 1229 1684 ἐν
1255 1624 1560 1700 καμίνοισι·
1602 1625 1656 1683 οἱ
1681 1622 1741 1682 δὲ
1766 1625 1931 1701 πένη-

321 1734 414 1773 τες
458 1708 636 1770 αὐτῶν
675 1709 749 1771 τὰ
799 1709 982 1770 λεπτοὶ
1033 1715 1147 1773 τῶν
1190 1709 1497 1790 προβάτων
1548 1711 1930 1789 προτιθέαται.

324 1798 636 1857 ‹rivom-3}
675 1796 928 1880 ὀλίγοισι
965 1801 1252 1878 χρέωνται,
1290 1798 1682 1876 ἐπιφορήμασι
1705 1800 1766 1859 δὲ
1788 1804 1933 1860 πολ-

320 1888 482 1945 λοῖσι
527 1885 619 1944 καὶ
664 1884 765 1945 οὔκ
806 1886 995 1946 ἁλέσι·
1051 1888 1145 1948 καὶ
1183 1886 1276 1947 διὰ
1314 1892 1483 1948 τοῦτο
1523 1888 1673 1964 φασὶ
1704 1888 1931 1965 Πέρσαι

325 1983 362 2008 “
375 1972 508 2037 τούς
541 1972 833 2050 Ἕλληνας
878 1976 1235 2052 σιτεομένους
1282 1979 1583 2038 πεινῶντας
1628 1973 1927 2048 παύεσθαι,

322 2062 410 2122 ὅτι
462 2068 576 2140 σφι
625 2061 738 2123 οἶπὸ
793 2062 1019 2123 δείπνου
1069 2064 1491 2142 παραφορέεται
1540 2061 1698 2123 οῦδὲν
1749 2062 1930 2144 λόγου

319 2147 495 2220 ἄξιον·
551 2154 599 2210 εἰ
630 2151 694 2211 δέ
725 2177 782 2212 τι
821 2152 1229 2230 παραφέροιτο,
1257 2151 1549 2214 ἐσθίοντας
1583 2149 1652 2211 ἂν
1690 2150 1756 2211 οὐ
1788 2151 1928 2211 παύ-

320 2237 535 2299 εσθαι.”
601 2240 729 2318 οἴνῳ
772 2240 831 2300 δὲ
875 2239 1053 2317 κάρτα
1091 2240 1460 2317 προσκέαται·
1524 2238 1622 2298 καί
1668 2244 1783 2316 σφι
1826 2238 1929 2300 οὐκ

325 2327 527 2403 ἐμέσαι
555 2326 754 2397 ἔξεστι,
783 2326 906 2387 οὐκὶ
932 2326 1174 2406 οὐρῆσαι
1199 2326 1387 2388 οἷντίον
1412 2325 1615 2388 ἄλλου.

407 2416 599 2471 Ταῦτα
634 2414 740 2489 μέν
765 2438 862 2473 νυν
889 2413 1030 2474 οὕτω
1063 2413 1448 2491 φυλάσσεται.
1514 2412 1927 2492 μεθυσκόμενοι

321 2498 382 2559 δὲ
410 2498 616 2558 ἐώθασι
640 2499 1022 2576 βουλεύεσθαι
1044 2502 1118 2561 τοὶ
1144 2503 1600 2563 σπουδαιέστατα
1622 2506 1733 2562 τῶν
1749 2527 1925 2584 πρηγ-

315 2585 529 2665 μάτων·
567 2587 634 2647 τό
668 2586 713 2646 δ’
741 2586 809 2649 ἂν
845 2588 951 2669 ἅδῃ
991 2595 1106 2667 σφι
1140 2591 1626 2668 βουλευομένοισι,
1651 2593 1819 2651 τοῦτο
1851 2594 1926 2670 τῇ

317 2675 585 2756 ὑστεραίῃ
624 2675 874 2754 νήφουσι
913 2678 1172 2756 προτιθεῖ
1208 2678 1241 2739 ὅ
1280 2680 1595 2760 στέγαρχος
1635 2683 1693 2738 ἐν
1721 2681 1823 2738 τοῦ
1856 2676 1929 2738 ἂν

321 2763 504 2828 ἐόντες
541 2765 944 2841 βουλεύωνται·
1000 2768 1094 2826 καὶ
1132 2766 1203 2843 ἦν
1242 2769 1347 2843 μὲν
1386 2766 1493 2845 ἅδῃ
1526 2768 1621 2827 καὶ
1658 2764 1925 2843 νήφουσι,

319 2854 592 2930 χρέωνται
630 2852 825 2932 αὐτέῳ·
871 2852 942 2928 ἢν
974 2854 1034 2914 δὲ
1071 2854 1154 2931 μή
1196 2854 1319 2932 ἅδῃ,
1361 2858 1621 2932 μετιεῖσι·
1668 2853 1739 2913 ταῖ
1776 2852 1823 2913 δ’
1858 2852 1930 2913 ἂν

321 2938 594 3015 νήφοντες
632 2941 1185 3018 προβουλεύσωνται,
1212 2940 1623 3019 μεθυσκόμενοι
1662 2940 1929 3022 ἐπιδιαγι-

133 3055 162 3079 0
230 3025 344 3082 134
366 3025 664 3086 νῶσκουσι.
737 3027 1201 3107 Ἐντυγχάνοντες
1246 3026 1294 3086 δ’
1334 3027 1649 3104 ἀλλήλοισι
1695 3034 1753 3089 ἐν
1792 3032 1931 3107 τῇσι

325 3109 524 3179 ὁδοῖσι,
551 3114 689 3190 τῷδε
717 3113 786 3172 ἅν
809 3139 893 3175 τις
919 3114 1171 3193 διαγνοίη
1197 3117 1245 3172 εἰ
1270 3112 1456 3190 ὁμοῖοι
1482 3116 1594 3174 εἶσὶ
1614 3118 1667 3174 οἶ
1693 3140 1931 3197 συντυγ-

327 3194 607 3268 χάνοντες·
661 3198 790 3259 οἷντὶ
826 3198 941 3279 γοῖρ
985 3202 1088 3257 τοῦ
1134 3200 1573 3279 προσαγορεύειν
1618 3202 1929 3279 ἀλλήλους,

331 3279 598 3352 φιλέουσι
621 3287 774 3341 τοῖσι
797 3284 1070 3359 στόμασι·
1111 3280 1183 3357 ἦν
1209 3284 1269 3344 δὲ
1293 3285 1333 3361 ᾖ
1358 3286 1579 3363 οὕτερος
1602 3288 1929 3350 ὖποδεέστε-
