2250 3500
289 101 306 122 ‘
341 134 626 199 101-104]
979 137 1304 188 marma.
1850 137 1945 188 ιω

337 217 606 295 φόμενος
685 214 902 278 ὅτέοισι
922 217 1030 295 μέν
1053 243 1153 278 νυν
1186 216 1367 278 αὐτῶν
1395 215 1693 294 ἀλκίμοισι
1727 213 1943 298 ἐνετύγ-

335 331 476 384 χανε
511 304 604 364 καὶ
644 303 831 368 δεινῶς
868 305 1266 385 γλιχομένοισι
1304 304 1432 381 περὶ
1469 307 1571 381 τῆς
1610 304 1941 382 ἐλευθερίης,

334 390 590 453 τούτοισι
614 393 718 468 μὲν
745 390 1016 467 στήλας’
990 391 1184 467 ενίστη
1211 396 1267 455 ἐς
1290 391 1391 455 τοῖς
1420 391 1619 470 χώρας,
1647 391 1739 451 δια
1762 416 1941 472 γραμ·

336 479 525 557 μάτων
551 478 834 562 λεγούσας
866 478 935 539 τό
963 504 1028 538 τε
1067 482 1273 539 ἑωυτοῦ
1313 478 1525 556 οὕνομα
1566 479 1659 539 καὶ
1695 483 1799 556 τῆς
1834 479 1941 540 πά-

335 591 486 644 τρης,
515 566 677 626 καὶ*
634 593 707 630 ως
732 565 933 643 δυνάμι
955 569 1030 645 τῇ
1055 569 1257 627 ἑωυτοῦ
1290 566 1709 644 κατεστρέψατο
1734 573 1938 642 σφεας·

335 653 506 715 ὁτέων
539 654 600 713 δὲ
626 653 874 734 ἀμαχητὶ
901 654 994 714 καὶ
1019 653 1287 719 εὐπετέως
1311 653 1608 732 παρέλαβε
1630 654 1732 717 τοὶς
1754 654 1938 726 πόλις,

335 739 592 802 τούτοισι
631 742 692 801 δὲ
732 741 1006 822 ἐνέγραφε
1045 747 1104 802 ἐν
1128 746 1266 822 τῇσι
1305 741 1562 822 στήλῃσι
1601 740 1742 802 κατὰ
1765 742 1940 803 ταύτὰ

339 829 432 887 καὶ
454 833 609 890 τοῖσι
633 829 950 907 α’νδρηΐοισι
974 831 1086 892 τῶν
1109 831 1309 890 ἐθνέων
1337 829 1709 912 γενομένοισι·
1750 828 1845 888 καὶ
1870 829 1939 905 δὴ

337 916 430 975 καὶ
454 917 640 977 αἰδοῖα
663 915 924 999 γυναικός
947 918 1392 999 προσενέγραφε,
1415 917 1565 992 δῆλα
1586 916 1939 995 βουλόμενος

337 1005 542 1065 ποιέειν
566 1004 640 1068 ὥς
665 1005 863 1081 εἴησαν
887 1003 1199 1068 ἀνάλκιδες.
1265 1009 1456 1066 Ταῦτα
1482 1005 1543 1066 δὲ
1568 1005 1767 1066 ποιέων
1792 1005 1897 1065 διε·
1916 1009 2030 1068 103

335 1089 457 1167 ξήῖε
480 1092 585 1169 τήν
609 1091 860 1171 ἤπειρον,
888 1097 943 1156 ἐς
969 1091 1002 1153 ὃ
1029 1097 1090 1152 ἐκ
1113 1096 1217 1169 τῆς
1240 1091 1443 1170 Ἀσίης
1469 1098 1524 1157 ἐς
1546 1092 1652 1170 τήν
1676 1092 1953 1171 Εὖρῶπ-ην

336 1178 538 1256 διαβὰς
561 1179 692 1244 τούς
713 1205 778 1241 τε
805 1179 1023 1246 Σκύθας
1047 1182 1467 1260 κατεστρέψατο
1498 1181 1593 1240 καὶ
1615 1181 1744 1244 τοῦς
1769 1180 1935 1258 Θρήϊ-

336 1291 452 1331 κας·
523 1272 580 1330 ἐς
621 1266 854 1332 τούτους
894 1268 959 1329 δέ
993 1293 1096 1346 μοι
1137 1268 1315 1328 δοκέει
1356 1268 1449 1328 καὶ
1490 1267 1557 1328 οὗ
1596 1269 1937 1346 προσώτατα

335 1351 640 1414 ἀπικέσθαι
663 1355 696 1414 ὅ
720 1354 1032 1437 Αἰγύπτιος
1057 1355 1319 1431 στρατός·
1361 1360 1419 1414 ἐν
1447 1357 1553 1430 μὲν
1574 1356 1685 1436 γὰρ
1710 1358 1783 1434 τῇ
1808 1356 1933 1416 τού-

335 1465 447 1502 των
465 1439 618 1521 χώρῃ
637 1441 928 1518 φαίνονται
944 1444 1247 1504 σταθεῖσαι
1262 1445 1321 1502 αἶ
1338 1446 1567 1518 στῆλαι,
1586 1441 1653 1502 τό
1675 1443 1734 1502 δὲ
1754 1467 1933 1519 προσ-

335 1529 518 1605 ωτέρω
547 1528 756 1590 τούτων
785 1530 991 1591 οὐκέτι·
1034 1532 1289 1591 ἐνθεῦτεν
1328 1530 1391 1590 δὲ
1426 1530 1769 1609 ἐπιστρέψας
1809 1529 1931 1591 όπί-

333 1641 419 1676 σω
452 1614 560 1692 ἤϊε·
601 1618 692 1677 καὶ
727 1619 852 1678 ἐπεί
881 1643 943 1679 τε
974 1617 1193 1700 ἐγένετο
1230 1619 1323 1678 ἐπὶ
1358 1617 1512 1678 Φάσι
1548 1621 1797 1697 ποταμῷ,
1830 1617 1933 1678 οὐκ

333 1704 440 1784 ἔχω
469 1705 536 1767 τὸ
563 1707 815 1767 ἐνθεῦτεν
840 1705 1108 1784 ἀτρεκέως
1144 1709 1333 1779 εἰπεῖν,
1362 1707 1471 1768 εἴτε
1506 1704 1673 1771 αὐτ-ὂς
1699 1705 1731 1767 ὁ
1760 1707 1929 1783 βασι-

331 1792 461 1857 λεῦς
493 1792 815 1870 Σέσωστρις
845 1792 1275 1871 ἀποδασάμενος
1299 1798 1401 1871 τῆς
1426 1798 1626 1857 ἑωυτοῦ
1658 1800 1929 1873 στρατιῆς

330 1881 527 1960 μόριον
553 1880 696 1943 ὅσον
723 1880 792 1957 δὴ
811 1880 981 1942 αὐτοῦ
1003 1883 1271 1943 κατέλιπε
1292 1887 1395 1960 τῆς
1413 1882 1599 1963 χώρης
1618 1882 1924 1960 οἰκήτορας,

333 1969 441 2029 εἴτε
478 1974 588 2029 τῶν
618 1971 762 2033 τινὲς
801 1968 1183 2047 στρατιωτέων
1220 1973 1293 2049 τῇ
1332 1970 1521 2048 πλάνῃ
1554 1969 1724 2031 αὑτοῦ
1763 1969 1930 2049 οἰχθε-

331 2054 573 2127 σθέντες,
599 2058 728 2136 περὶ
755 2055 938 2117 Φάσιν
960 2057 1220 2133 ποταμὸν
1245 2055 1589 2131 κατέμειναν.

410 2146 709 2206 Φαίνονται
732 2148 838 2221 μὲν
875 2144 988 2227 γὰρ
1025 2144 1205 2208 ἐόντες
1232 2146 1287 2203 οἶ
1322 2141 1547 2222 Κόλχοι
1572 2141 1887 2223 Αἰγύπτιοι·
1908 2145 2026 2205 104

330 2229 540 2307 νοήσας
571 2233 631 2293 δὲ
663 2230 938 2311 πρότερον
973 2228 1141 2295 αὐτὸς
1170 2230 1208 2307 ἢ
1244 2228 1491 2293 οἰκούσας
1526 2228 1733 2299 ἄλλων,
1760 2229 1929 2311 λέγω·

331 2318 402 2381 ὦς
429 2318 490 2379 δέ
513 2346 613 2397 μοι
640 2324 699 2381 ἐν
736 2318 994 2398 φροντίδι
1029 2317 1265 2401 ἐγένετο,
1300 2316 1525 2395 εἰρόμην
1557 2316 1930 2397 ἀμφοτέρους·

331 2407 424 2465 καὶ
452 2410 680 2483 μᾶλλον
716 2411 770 2467 οἱ
811 2406 1038 2486 Κόλχοι
1069 2404 1373 2483 ἐμεμνέατο
1404 2409 1513 2466 τῶν
1552 2408 1868 2489 Αἰγυπτίων
1892 2406 1931 2485 ἢ

331 2496 386 2553 οἱ
427 2493 724 2575 Αἰγύπτιοι
762 2498 874 2555 τῶν
915 2494 1179 2573 Κόλχων·
1231 2495 1471 2571 νομίζειν
1517 2494 1565 2555 δ’
1609 2497 1831 2572 ἔφασαν
1878 2499 1933 2557 οἶ

331 2580 630 2663 Αἰγύπτιοι
653 2587 756 2660 τῆς
781 2581 1139 2661 Σεσώστριος
1164 2587 1432 2661 στρατιῆς
1459 2583 1598 2643 εἶναι
1622 2584 1751 2648 τούς
1777 2585 1930 2645 Κόλ-

330 2694 485 2749 χους.
567 2670 733 2735 αὗτός
785 2670 844 2731 δὲ
885 2669 1086 2731 εἴκασα
1123 2671 1273 2750 τῇδε,
1321 2671 1415 2730 καὶ
1454 2670 1542 2745 ὅτι
1579 2669 1933 2751 μελάγχροές

333 2762 444 2818 εἰσι
472 2757 566 2817 καὶ
591 2757 936 2838 οὐλότριχες·
980 2758 1072 2817 καὶ
1109 2763 1279 2819 τοῦτο
1315 2760 1419 2834 μὲν
1445 2762 1501 2820 ἐς
1534 2756 1691 2817 οὐδὲν
1722 2756 1931 2831 ἀνήκει·

333 2845 446 2905 εἶσὶ
468 2872 580 2927 γαρ
609 2848 702 2907 καὶ
729 2847 906 2925 ἕτεροι
930 2850 1193 2907 τοιοῦτοι·
1234 2845 1389 2905 οἷλλοὶ
1420 2843 1635 2905 τοισιὸε
1669 2843 1763 2901 καὶ
1784 2847 1932 2921 μᾶλ-

331 2932 514 3005 λον,”
481 2960 570 2995 οτι
594 2939 795 3011 μοῦνοι
819 2934 1039 2994 πάντων
1065 2932 1368 3011 ἀνθρώπων
1394 2930 1619 3008 Κόλχοι
1646 2930 1737 2989 καὶ
1764 2930 1931 3011 Αἰγύ-

332 3046 488 3081 πτιοι
542 3024 636 3082 καὶ
687 3024 950 3086 Αἰθίοπες
1001 3020 1433 3098 περιτάμνονται
1485 3016 1579 3077 ἀπ’
1634 3018 1812 3096 ἀρχῆς
1860 3044 1932 3077 τα

333 3108 536 3169 αιδοῖα·
578 3110 830 3174 Φοίνικες
864 3110 924 3170 δὲ
961 3109 1054 3167 καὶ
1086 3108 1257 3184 Σύροι
1283 3110 1338 3167 οἱ
1374 3111 1431 3166 ἐν
1465 3110 1537 3184 τῇ
1574 3104 1935 3185 Παλαιστίνῃ

337 3198 431 3255 καὶ
457 3196 614 3257 αὐτοὶ
641 3196 1022 3280 ομολογέουσι
1047 3195 1177 3274 παρ’
1199 3193 1515 3276 Αἰγυπτίων
1537 3191 1933 3269 μεμαθηκέναι,

337 3283 534 3363 Σύριοι
569 3286 630 3345 δε
662 3287 716 3345 οἱ
751 3286 882 3365 περὶ
915 3282 1283 3362 Θερμώδοντα
1310 3281 1415 3341 καὶ
1429 3279 1741 3359 Παρθένιον
1763 3306 1935 3343 ποτα-
