2250 3500
357 152 452 201 146
949 148 1319 199 ‘HPvomo'r
1850 151 1956 218 [11.

353 229 636 305 εἰρινέοισι
669 229 864 305 εἵμασι
896 226 1201 303 θαφθῆναι,
1229 229 1353 288 ἔστι
1384 227 1444 288 δὲ
1476 230 1605 307 περὶ
1632 227 1815 290 αὐτῶν
1840 233 1961 309 ἶρός

287 347 293 352 ·
355 314 527 396 λόγος
551 314 874 396 λεγόμενος.
1130 319 1137 326 ’

259 405 338 465 82
437 403 554 462 Καὶ
577 403 708 463 τάδε
735 402 890 462 ἅλλα
910 403 1275 484 Αἰγυπτίοισί
1296 408 1420 464 ἐστι
1446 403 1799 482 ἐξευρημένα·
1835 407 1959 484 μείς

354 517 419 552 τε
444 492 535 550 καὶ
560 491 741 570 ἡμέρη
769 489 979 567 ἑκάστη
1007 493 1146 552 θεῶν
1172 490 1299 550 ὅτευ
1325 492 1467 552 ἐστί·
1502 493 1593 550 καὶ
1618 497 1692 572 τῇ
1721 493 1959 560 ἕκαστος

353 577 534 658 ἡμέρῃ
559 579 870 662 γενόμενος,
899 577 1112 639 ὁτέοισι
1144 578 1440 660 ἐγκυρήσει
1476 579 1570 637 καὶ
1600 579 1739 643 ὅκως
1766 585 1958 642 τελευ-

353 666 518 744 τήσει
534 669 624 726 καὶ
643 666 826 729 ὁκοῖός
846 691 929 730 τις
951 666 1128 726 ἔσται·
1158 666 1249 725 καὶ
1264 665 1517 726 τούτοισι
1536 670 1647 726 τῶν
1664 666 1955 744 Ἑλλήνων

357 759 412 815 οἱ
439 760 497 816 ἐν
521 755 750 831 ποιήσει
773 753 1062 835 γενόμενοι
1089 753 1425 832 ἐχρήσαντο.
1487 753 1693 829 τέρατά
1716 781 1781 815 τε
1804 756 1956 817 πλέα

354 849 468 919 σφι
505 842 796 920 ἀνεύρηται
825 839 863 916 ἢ
894 843 1047 900 τοῖσι
1085 839 1323 901 ἄλλοισι
1362 840 1544 901 ἅπασι
1583 841 1951 920 ἀνθρώποισι·

352 931 650 1012 γενομένου
704 927 814 1010 γοῖρ
867 928 1111 1005 τέρατος,
1168 927 1542 1004 φυλάσσουσι
1600 929 1953 1010 γραφόμενοι

351 1016 724 1094 τώποβαῖνον·
768 1015 860 1073 καὶ
884 1014 954 1091 ἤν
980 1041 1108 1076 κοτε
1134 1014 1371 1093 ὕστερον
1402 1015 1805 1094 παραπλήσιον
1828 1019 1953 1080 τού-

352 1131 429 1185 τῳ
473 1106 716 1187 γένηται,
766 1102 905 1162 κατὰ
958 1102 1135 1164 τῶυτό
1183 1104 1475 1181 νομίζουσι
1522 1103 1950 1181 ἀποβήσεσθαι.

259 1197 337 1254 83
355 1192 616 1268 Μαντικῆ
660 1192 719 1251 δὲ
765 1188 988 1251 αὐτοῖσι
1032 1189 1136 1250 ὧδε
1176 1191 1467 1252 διακέεται·
1508 1191 1810 1269 ἀνθρώπων
1846 1197 1953 1270 μὲν

355 1280 534 1342 οὐδενὶ
573 1280 911 1358 προσκέεται
949 1279 987 1355 ἧ
1026 1280 1213 1359 τέχνη,
1244 1283 1353 1341 τῶν
1393 1281 1454 1340 δὲ
1492 1281 1634 1342 θεῶν
1672 1281 1949 1358 μετεξετέ-

351 1395 524 1447 ροισι·
567 1370 658 1429 καὶ
684 1367 793 1450 γὰρ
820 1367 1135 1445 Ἡρακλέος
1168 1367 1437 1445 μαντήϊον
1468 1366 1667 1429 αὐτόθι
1703 1371 1826 1430 ἐστὶ
1858 1372 1951 1430 καὶ

352 1457 715 1520 ’Λπόλλωνος
741 1456 834 1516 καὶ
857 1455 1157 1532 Ἀθηναίης
1182 1456 1274 1514 καὶ
1298 1455 1624 1534 Ἀρτέμιδος
1642 1458 1734 1516 καὶ
1748 1455 1951 1535 Ἀρεος

354 1549 446 1606 καὶ
474 1546 625 1616 Διός,
656 1546 764 1615 καὶ,
793 1543 892 1625 ὅγε
922 1544 1179 1620 μάλιστα
1216 1549 1443 1623 ἐν,τιμῇ
1470 1542 1701 1626 ἄγονται
1728 1545 1949 1607 πάντων

351 1637 464 1694 τῶν
507 1634 800 1710 μαντηΐων,
849 1635 1068 1706 Λητοῦς
1115 1636 1175 1690 ἐν
1219 1636 1429 1692 Βουτοῖ
1469 1631 1610 1692 πόλι
1656 1633 1801 1693 ἐστί.
1882 1632 1949 1694 ού

351 1721 541 1797 μέντοι
566 1720 718 1801 αἵγε
743 1717 1012 1796 μαντήῖαί
1035 1723 1147 1794 σφι
1174 1717 1315 1779 καταῖ
1341 1719 1517 1781 τῶυτό
1546 1723 1765 1792 ἑστᾶσι,
1792 1719 1948 1783 ἀλλὰ

257 1811 333 1870 84
352 1807 617 1885 διάφοροί
646 1810 774 1866 εἰσι.
840 1805 916 1863 Ἡ
950 1805 1009 1864 δὲ
1038 1806 1253 1882 ἰητρικὴ
1282 1807 1423 1869 κατσῖ
1449 1807 1581 1868 τάδε
1607 1815 1721 1885 σφι
1753 1809 1947 1871 δέδασ-

350 1922 460 1955 ται·
487 1900 618 1973 μιῆς
632 1894 838 1956 νούσου
860 1894 1094 1957 ἕκαστος
1116 1895 1299 1972 ἰητρός
1320 1899 1459 1967 ἐστι,
1478 1896 1571 1955 καὶ
1590 1895 1655 1957 οὗ
1676 1898 1945 1959 πλεόνων·

348 1984 532 2047 πάντα
573 1984 618 2044 δ’
654 1986 850 2061 ἰητρῶν
886 1982 1009 2043 ἐστὶ
1049 1983 1217 2041 πλέα·
1260 1984 1314 2042 οἱ
1352 1986 1455 2061 μὲν
1488 1984 1599 2065 ’γὰρ
1633 1983 1947 2064 ὀφθαλμῶν

352 2076 530 2152 ἰητροὶ
557 2072 906 2142 κατεστέασι,
937 2074 991 2131 οἱ
1027 2070 1087 2130 δὲ
1119 2074 1388 2147 κεφαλῆς,
1417 2075 1473 2132 οἱ
1508 2072 1568 2131 δὲ
1594 2071 1851 2134 ὀδόντων·
1892 2078 1945 2136 οἶ

351 2164 410 2222 δὲ
433 2168 544 2223 τῶν
571 2161 712 2222 κατὰ
738 2160 922 2237 νηδύν,
951 2162 1004 2219 οἱ
1031 2160 1090 2219 δὲ
1114 2163 1226 2219 τῶν
1252 2158 1509 2234 ἀφανέων
1534 2158 1773 2222 νούσων.

255 2255 330 2311 85
430 2256 638 2327 Θρῆνοι
676 2249 735 2308 δὲ
775 2250 868 2307 καὶ
905 2249 1090 2323 ταφαί
1125 2254 1319 2324 σφεων
1354 2248 1465 2307 εἶσὶ
1504 2248 1643 2307 αἵδε·
1682 2252 1839 2311 τοῖσι
1876 2249 1945 2312 ἂν

350 2338 689 2418 ἀπογένηται
709 2342 769 2395 ἐκ
788 2341 898 2395 τῶν
919 2337 1100 2395 οἰκίων
1121 2334 1408 2413 ἅνθρωπος
1426 2338 1527 2396 τοῦ
1546 2361 1630 2399 τις
1652 2338 1745 2397 καὶ
1764 2337 1945 2419 ,λόγος

345 2423 400 2503 ᾖ,
430 2424 496 2483 τὸ
525 2426 672 2497 θῆλυ
697 2423 857 2504 γένος
892 2425 1006 2482 πᾶν
1037 2422 1102 2482 τὸ
1139 2428 1199 2482 ἐκ
1230 2426 1341 2484 τῶν
1368 2424 1552 2483 οἰκίων
1582 2422 1793 2485 τούτων
1826 2426 1943 2487 κατ’

347 2512 423 2571 ὧν
442 2509 734 2570 ἐπλάσατο
760 2508 864 2585 τὴν
885 2509 1142 2586 κεφαλὴν
1165 2515 1329 2590 πηλῷ
1354 2510 1391 2587 ἢ
1412 2512 1504 2570 καὶ
1527 2510 1595 2572 τὸ
1616 2513 1943 2589 πρόσωπον·

349 2598 582 2660 κᾶπειτα
609 2603 666 2659 ἐν
691 2601 844 2659 τοῖσι
870 2600 1096 2659 οἰκίοισι
1122 2603 1395 2660 λιποῦσαι
1420 2598 1520 2660 τόν
1546 2600 1754 2677 νεκρὸν,
1782 2600 1947 2662 αὐταὶ

347 2686 453 2750 dmi
478 2688 584 2765 τήν
607 2687 778 2748 πόλιν
797 2685 1221 2766 στρωφώμεναι,
1241 2687 1541 2759 τύπτονται
1566 2689 1947 2766 ἐπεζωσμέναι

347 2777 439 2837 καὶ
475 2778 781 2854 φαίνουσαι
813 2775 944 2840 τοῦς
978 2775 1203 2853 μαζούς·
1246 2774 1357 2835 σύν
1384 2776 1447 2836 δέ
1484 2781 1599 2852 σφι
1634 2779 1694 2836 αἱ
1728 2778 1944 2854 προσή-

346 2892 546 2927 κουσαι
570 2869 771 2925 πᾶσαι·
815 2865 1075 2940 ἑτέρωθεν
1102 2863 1161 2921 δὲ
1196 2865 1249 2922 οἰ
1274 2861 1464 2940 ἄνδρες
1492 2864 1795 2925 τύπτονται
1821 2869 1943 2926 ἐπε·

345 2954 618 3031 ζωσμένοι
645 2954 736 3012 καὶ
769 2950 940 3011 οὗτοι·
982 2949 1149 3010 ἐπεὰν
1175 2950 1235 3009 δὲ
1263 2954 1439 3010 ταῦτα
1470 2951 1773 3028 ποιήσωσι,
1802 2952 1944 3015 οὕτω

250 3044 326 3100 86
348 3047 401 3103 ἐς
435 3040 539 3115 τήν
572 3041 895 3117 ταρίχευσιν
936 3037 1247 3114 κομίζουσι.
1314 3038 1450 3097 Εἰσὶ
1491 3038 1551 3098 δὲ
1591 3039 1646 3101 οἳ.
1686 3039 1770 3099 ἐπ’
1798 3039 1946 3121 αὐτῷ

345 3127 518 3205 τούτῳ
565 3128 839 3196 κατέαται,
891 3128 984 3185 καὶ
1026 3124 1229 3202 τέχνην
1275 3127 1470 3203 ἔχουσι
1513 3126 1721 3204 ταύτην
1768 3126 1944 3190 οὗτοι·

346 3213 512 3271 ἐπεάν
537 3219 651 3289 σφι
677 3214 924 3290 κομισθῇ
950 3211 1139 3287 νεκρὰς
1166 3211 1450 3273 δεικνύασι
1483 3218 1638 3275 τοῖσι
1665 3216 1947 3293 κομίσασι

345 3294 766 3375 παραδείγματα
790 3302 994 3376 νεκρῶν
1019 3295 1218 3368 ξύλινα
1242 3303 1316 3379 τῇ
1339 3306 1538 3383 γραφῇ
1562 3305 1945 3382 μεμιμημένα·
