2250 3500
248 101 255 110 ’
324 119 601 180 162-1651
907 119 1360 173 ΜΕΛΠΟΜΕΝΗ.
1833 131 1923 179 347

318 196 579 280 [ἀνδρῶν]
602 198 811 280 γενεὰς,
834 199 977 259 διδοῖ
992 198 1127 276 ύμῖν
1142 202 1352 277 Λοξίης
1370 203 1702 278 βασιλεύειν
1726 207 1924 284 Κυρη’-

318 298 440 362 νης·
482 287 661 346 πλέον
685 287 877 363 μέντοι
909 287 1110 348 τούτου
1139 289 1263 348 οὐδὲ
1289 292 1594 368 πειρᾶσθαι
1619 294 1923 370 παραινέει.

320 375 397 434 σύ
438 376 628 452 μέντοι
668 375 885 455 ἥσυχος
926 378 1065 438 εἶναι
1106 380 1391 440 κατελθών
1424 385 1478 444 ἐς
1512 382 1616 457 τήν
1655 387 1925 442 σεωυτοῦ·

317 461 389 538 ἣν
414 463 475 522 δὲ
499 465 603 539 τὴν
638 463 869 540 κάμινον
903 466 1061 545 εὕρῃς
1090 469 1272 543 πλέην
1304 467 1621 545 ἀμφορέων,
1649 471 1730 547 μή
1764 471 1924 540 ἐξοπ-

318 549 500 629 τήσῃς
532 578 662 615 τους
697 551 1001 630 οἷμφορέας,
1028 553 1160 614 ἀλλ’
1187 555 1484 633 α’πόπεμπε
1512 556 1628 616 κατ’
1657 582 1838 634 ουρον·
1878 563 1926 617 εἷ

320 640 380 699 δὲ
402 641 729 716 ἐξοπτήσεις
755 641 859 717 τήν
881 642 1127 719 κάμινον,
1149 669 1230 720 μη
1259 645 1500 754 ἐσέλθῃς
1519 649 1573 708 ἐς
1592 644 1695 720 τήν
1715 644 1925 723 ἀμφίρ-

318 737 510 806 ρυτον·
554 734 601 789 εἰ
638 729 695 788 δὲ
730 729 829 806 μὴ,
856 728 1164 792 α’ποθανέαι
1201 731 1293 791 καὶ
1330 731 1495 796 αὐτὸς
1532 732 1624 791 καὶ
1653 737 1854 809 ταῦρος
1890 761 1923 792 ο

321 815 726 877 καλλιστεύων.
725 816 755 836 ”
840 822 1028 878 Ταῦτα
1062 818 1101 895 ἦ
1135 820 1322 895 Πυθίη
1364 818 1706 900 Ἀρκεσίλεω
1744 825 1880 900 χρᾷ·
1905 823 2018 880 164

240 963 253 977 ,
320 902 353 963 ὁ
382 903 441 964 δὲ
468 905 819 982 παραλαβών
850 905 980 969 τοῦς
1016 911 1077 966 ἐκ
1113 910 1215 983 τῆς
1243 907 1438 985 Σάμου
1466 909 1713 985 κατῆλθε
1740 913 1796 972 ἐς
1819 908 1924 984 τὴν

246 1001 263 1012 ’
322 991 611 1068 Κυρήνην·
683 992 775 1051 καὶ
822 993 1218 1070 ἐπικρατήσας·
1244 999 1354 1055 τῶν
1412 994 1769 1076 πρηγμάτων,
1821 1000 1924 1057 τοῦ

318 1081 591 1156 μαντηίου
614 1078 713 1140 οῦκ
743 1081 1019 1158 ἐμέμνητο
1046 1081 1202 1141 ἀλλὰ
1229 1082 1382 1145 δίκας
1407 1084 1536 1146 τοὺς
1556 1082 1924 1144 ἀντιστασιώ-

320 1193 421 1230 τας
467 1168 613 1226 αἴτεε
658 1171 759 1243 τῆς
807 1172 1009 1228 ἑωυτοῦ
1056 1174 1262 1250 φυγῆς.
1343 1174 1454 1231 τῶν
1499 1171 1560 1231 δὲ
1607 1197 1659 1230 οι
1705 1174 1810 1248 μὲν
1854 1171 1922 1232 τό

319 1280 587 1332 παραπαν
616 1260 677 1314 ἐκ
700 1259 801 1331 τῆς
825 1255 1009 1334 χώρης
1035 1257 1504 1328 απαλλάσσοντο,
1530 1285 1660 1321 τους
1687 1260 1748 1319 δέ
1769 1285 1922 1323 τινας

320 1342 735 1420 χειρωσάμενος
772 1370 805 1402 ο
847 1343 1218 1420 Ἀρκεσίλεως
1255 1349 1310 1408 ἐς
1352 1345 1586 1422 Κύπρον
1623 1339 1924 1405 απέστειλε

296 1437 299 1440 ’
323 1435 415 1489 ἐπι
396 1431 737 1509 διαφθορῇ·
764 1429 993 1494 τούτους
1012 1457 1117 1509 μεν
1144 1458 1240 1492 νυν
1261 1433 1478 1494 Κνίδιοι
1500 1432 1924 1512 ἀπενειχθέντας

320 1517 463 1595 πρός
503 1516 608 1593 τήν
644 1519 935 1629 σφετέρην
972 1519 1297 1597 ἐρρύσαντο,
1345 1521 1438 1578 καὶ
1477 1525 1531 1583 ἐς
1567 1520 1758 1596 Θήρην
1790 1519 1922 1580 άπέ-

322 1609 575 1664 στειλαν.
635 1607 851 1683 ἑτέρους
876 1606 938 1665 δέ
960 1633 1112 1670 τινας
1137 1632 1248 1666 των
1276 1609 1654 1683 Κυρηναίων’
1630 1633 1685 1670 ες
1711 1607 1924 1689 πύργον

325 1693 502 1775 ιιέγαν
540 1692 916 1775 Ἀγλωμάχου
971 1693 1396 1777 καταφυγόντας
1445 1695 1730 1771 ἰδιωτικὸν,
1779 1695 1924 1773 ὕλην
1995 1762 2002 1769 ,

324 1782 629 1858 περινήσας
670 1780 703 1841 ὁ
742 1780 1111 1858 Ἀρκεσίλεως
1153 1784 1444 1861 ἐνέπρησε.
1512 1784 1706 1862 μαθῶν
1743 1786 1801 1845 δὲ
1839 1784 1922 1844 ἐπ’

324 1868 785 1949 ἐξεργασμένοισι
834 1870 901 1929 τό
946 1870 1217 1946 μαντήϊον
1261 1872 1354 1931 ἐὸν
1392 1877 1576 1943 τοῦτο,
1621 1873 1706 1933 ὅτι
1752 1898 1849 1950 μιν
1901 1872 1940 1948 ἤ

330 1957 514 2032 Πυθίη
553 1955 651 2016 οῦκ
678 1950 742 2015 ἔα
770 1957 1001 2034 εὑρόντα
1034 1962 1091 2017 ἐν
1122 1962 1195 2036 τῇ
1229 1959 1437 2037 καμίνῳ
1472 1960 1601 2023 τούς
1634 1960 1923 2037 οἷμφορέας

325 2044 654 2120 ἐξοπτῆσαι,
680 2047 870 2127 ἔργετο
912 2044 1047 2105 ἑκων
1072 2049 1173 2120 τῆς
1197 2050 1307 2105 τῶν
1342 2047 1668 2122 Κυρηναίων
1703 2048 1919 2120 πόλιος,

324 2133 615 2209 δειμαίνων
665 2159 727 2194 τε
772 2132 873 2194 τόν
914 2133 1256 2212 κεχρημένον
1296 2131 1537 2193 θάνατον
1585 2133 1676 2191 καὶ
1723 2134 1924 2194 δοκέων

324 2220 677 2299 ἀμφίρρυτον
717 2221 821 2297 τήν
868 2220 1131 2297 Κυρήνην
1186 2220 1348 2283 εἶναι·
1399 2221 1534 2300 ,εἶχε
1580 2221 1640 2279 δὲ
1691 2224 1925 2302 γυναῖκα

325 2310 604 2389 συγγενέα
646 2312 863 2379 ἑωυτοῦ,
914 2309 1194 2389 θυγατέρα
1235 2308 1296 2367 δὲ
1341 2312 1442 2368 τοῦ
1482 2312 1592 2369 τῶν
1633 2308 1923 2385 Βαρκαίων

324 2398 605 2471 βασιλέος
628 2400 705 2474 τῷ
732 2395 943 2473 οὕνομα
968 2394 1037 2471 ἦν
1061 2395 1294 2473 Ἀλαζίρ
1312 2422 1325 2436 ·
1367 2396 1520 2475 παροὶ
1544 2400 1745 2458 τοῦτον
1781 2396 1940 2456 ἀπικ-

326 2484 529 2543 νέεται·
598 2485 696 2543 καί
743 2508 841 2560 μιν
894 2484 1171 2559 Βαρκαῖοί
1217 2509 1280 2543 τε
1333 2482 1526 2562 ἄνδρες
1581 2485 1672 2544 καὶ
1707 2489 1817 2545 τῶν
1863 2489 1924 2543 ἐκ

327 2569 589 2647 Κυρήνης
623 2570 885 2651 φυγάδων
918 2573 1061 2633 τινὲς
1104 2570 1517 2649 καταμαθόντες
1558 2572 1920 2653 ἀγοράζοντα,

326 2658 627 2718 κτείνουσι·
662 2659 803 2736 πρὸς
822 2659 881 2717 δὲ
906 2658 998 2717 καὶ
1013 2657 1114 2720 τὸν
1140 2658 1409 2735 πενθερὸν
1435 2658 1604 2718 αὐτοῦ
1629 2658 1924 2733 Ἀλαζῖρα.

302 2744 697 2822 ’Ἀρκεσίλεως
726 2746 830 2823 μέν
860 2772 972 2816 νυν,
1002 2747 1110 2805 εἴτε
1147 2745 1282 2806 ἑκῶν
1320 2746 1428 2804 εἴτε
1463 2744 1624 2814 ἄκων,
1663 2743 1925 2820 οἷμαρτῶν

323 2836 427 2893 τοῦ
452 2837 716 2911 χρησμοῦ
744 2834 1021 2910 ἐξέπλησε
1046 2836 1250 2909 μοῖραν
1273 2832 1378 2907 τὴν
1405 2835 1626 2891 ἑωυτοῦ.

406 2920 481 2979 Ἠ
509 2922 569 2981 δὲ
583 2921 769 2999 μήτηρ
788 2921 1079 2999 Φερετίμη,
1099 2920 1234 2981 τέως
1252 2922 1356 2995 μὲν
1381 2918 1412 2978 ὁ
1439 2918 1810 2996 Ἀρκεσίλεως
1828 2922 1886 2984 ἐν
1906 2920 2019 2977 165

323 3011 397 3087 τῇ
424 3008 618 3088 Βάρκῃ
650 3010 899 3069 διαιτᾶτο
932 3007 1336 3087 ἐξεργασμένος
1371 3010 1548 3084 ἑωυτῷ
1581 3003 1767 3075 κακόν,
1795 3004 1832 3081 ἦ
1867 3006 1927 3063 δὲ

326 3096 443 3175 εἶχε
472 3096 612 3173 αὐτῆ
632 3100 737 3157 τοῦ
756 3096 954 3159 παιδός
978 3094 1048 3156 τά
1076 3095 1244 3177 γέρεα
1272 3099 1330 3155 ἐν
1357 3092 1604 3173 Κυρήνῃ,
1625 3093 1716 3152 καὶ
1735 3092 1926 3152 τᾶλλα

323 3186 600 3261 νεμομένη
628 3186 721 3243 καὶ
746 3188 805 3243 ἐν
830 3186 1021 3262 βουλῇ
1046 3178 1392 3260 παρίζουσα·
1435 3183 1559 3241 ἐπεί
1578 3207 1641 3243 τε
1669 3181 1728 3241 δὲ
1755 3180 1926 3259 ἔμαθε

325 3276 385 3331 ἐν
422 3275 495 3350 τῇ
537 3271 731 3351 Βάρκῃ
772 3269 1129 3332 άποθανόντα
1169 3274 1223 3331 οἱ
1260 3270 1360 3332 τόν
1399 3271 1590 3341 παῖδα,
1630 3268 1925 3351 φεύγουσα
