2250 3500
355 96 421 142 90
967 91 1334 142 ἮΡοΔοτοί·
1884 91 1957 156 [1.

361 171 424 230 δὲ
446 175 549 231 τοῦ
574 174 710 246 νηοῦ
735 170 930 247 βωμός
955 175 1079 231 ἐστι
1103 169 1363 250 χρύσεος.
1431 169 1555 230 ἔστι
1578 168 1640 230 δὲ
1666 169 1760 230 καὶ
1784 169 1969 236 ἄλλος

357 256 554 333 βωμός
588 257 779 336 μέγας,
816 256 959 317 ὅπου
991 256 1181 318 θύεται
1214 256 1287 316 τοὶ
1310 256 1479 317 τέλεα
1503 260 1615 317 τῶν
1639 257 1965 333 προβάτων.

361 344 454 404 ε’πὶ
485 344 596 425 γοῖρ
630 349 731 404 τοῦ
762 344 1005 424 χρυσέου
1029 347 1231 421 βωμοῦ
1258 344 1357 404 οὐκ
1384 345 1567 414 ἔξεστι
1594 344 1743 405 θύειν
1770 343 1858 405 ὅτι
1880 345 1968 422 μὴ

358 431 650 512 γαλαθηνὰ
687 437 884 508 μοῦνα·
927 433 1019 491 ἐπὶ
1051 432 1110 491 δὲ
1135 435 1237 491 τοῦ
1263 432 1494 509 μέζονος
1518 433 1719 510 βωμοῦ
1746 433 1841 491 καὶ
1868 459 1967 492 κα-

357 519 648 600 ταγίζουσι
684 521 1003 596 λιβανωτοῦ
1043 519 1207 598 χίλια
1245 518 1498 600 τάλαντα
1538 521 1687 583 ἔτεος
1725 520 1971 580 ἑκάστου

358 609 412 666 οἱ
457 606 752 678 Χαλδαῖοι,
792 607 922 668 τότε
961 607 1130 667 {az-cdv
1168 605 1273 682 τήν
1312 605 1484 684 ὁρτὴν
1523 605 1705 687 ἄγωσι
1742 611 1819 686 τῷ
1859 607 1971 687 θεῷ

356 695 551 774 τούτῳ.
632 693 703 771 ἦν
743 695 802 755 δὲ
843 699 902 754 ἐν
939 698 1017 773 τῷ
1049 694 1266 770 τεμένεϊ
1297 693 1475 771 τούτῳ
1515 695 1595 753 ἔτι
1626 693 1727 755 τᾶν
1759 694 1971 774 χρόνον

356 786 561 843 ἐκεῖνον
601 783 694 842 καὶ
734 780 956 858 ἀνδριὰς
996 781 1238 841 δυώδεκα
1274 781 1513 861 πηχέων,
1546 781 1803 860 χρύσεος,
1835 808 1967 842 στε-

352 870 496 946 ρεός.
565 869 672 950 ε’γῶ
713 871 818 947 μέν
857 895 955 946 μιν
1003 868 1102 930 οὐκ
1149 869 1313 929 εἶδον·
1365 869 1439 928 τοὶ
1483 868 1544 927 δὲ
1585 869 1811 950 λέγεται
1850 868 1965 930 ὖπὸ

354 957 668 1027 Χαλδαίων,
694 961 869 1016 ταῦτα
896 957 1063 1038 λέγω.
1122 956 1299 1035 τούτῳ
1323 960 1401 1036 τῷ
1426 955 1706 1033 ἀνδριάντι
1726 961 1967 1033 Δαρεῖος

352 1044 456 1120 μὲν
495 1043 528 1104 ὅ
566 1043 922 1108 Ὑστάσπεος
963 1043 1395 1121 ἐπιβουλεύσας,
1424 1042 1524 1104 οὔκ
1551 1041 1834 1121 ἐτόλμησε
1859 1047 1963 1104 λα-

353 1139 501 1214 βεῖν·
585 1139 797 1217 Ξέρξης
842 1138 901 1198 δὲ
949 1139 982 1200 ὅ
1026 1139 1266 1217 Δαρείου
1316 1139 1509 1215 ἔλαβε,
1559 1139 1652 1197 καὶ
1692 1136 1793 1199 τὸν
1840 1139 1964 1217 ἱρέα

353 1224 635 1286 ἀπέκτεινε
677 1226 1096 1308 ἀπαγορεύοντα
1139 1226 1221 1304 μή
1264 1227 1462 1286 κινέειν
1498 1223 1601 1286 τᾶν
1641 1224 1959 1303 ἀνδριάντα.

352 1312 419 1373 τό
457 1316 562 1390 μὲν
601 1313 668 1391 δή
711 1314 832 1392 ἶρόν
869 1319 1038 1375 τοῦτο
1071 1312 1213 1374 οὕτω
1253 1312 1587 1391 κεκόσμητο,
1622 1312 1743 1373 ἔστι
1768 1313 1830 1372 δὲ
1866 1315 1962 1373 καὶ

353 1401 467 1462 ἴδια
492 1401 822 1480 ἀναθήματα
846 1401 1060 1463 πολλά.

264 1491 378 1549 184
432 1495 547 1566 Τῆς
570 1490 630 1551 δὲ
658 1492 1002 1567 Βαβυλῶνος
1025 1488 1229 1566 ταύτης
1254 1487 1465 1548 πολλοὶ
1490 1486 1595 1564 μέν
1612 1513 1711 1548 κου
1738 1488 1832 1547 καὶ
1857 1488 1957 1548 ἅλ-

353 1582 450 1638 λοι
481 1579 732 1660 ἐγένοντο
763 1578 1052 1654 βασιλέες,
1078 1580 1190 1637 τῶν
1218 1581 1277 1636 ἐν
1301 1581 1453 1637 τοῖσι
1476 1575 1839 1651 Ἀσσυρίοισι
1859 1575 1958 1636 λό-

351 1690 507 1746 γοισι
521 1664 744 1742 μνήμην
768 1663 1097 1740 ποιήσομαι,
1115 1663 1171 1724 οἳ
1183 1662 1255 1723 τοὶ
1270 1662 1458 1742 τείχεά
1476 1687 1538 1721 τε
1559 1661 1960 1739 ἐπεκόσμησαν

356 1753 448 1811 καὶ
466 1752 538 1811 τοὶ
555 1752 663 1829 ἱρά·
693 1758 750 1811 ἐν
765 1751 825 1810 δὲ
851 1750 919 1827 δὴ
947 1751 1039 1811 καὶ
1053 1754 1306 1831 γυναῖκες
1322 1750 1437 1811 δύο.
1490 1748 1529 1827 ἧ
1556 1752 1659 1826 μὲν
1683 1750 1959 1828 πρότερον

352 1838 572 1917 ἄρξασα
585 1844 685 1915 τῆς
699 1838 934 1915 ὕστερον
947 1843 1175 1918 γενεῇσι
1192 1839 1357 1899 πέντε
1376 1835 1647 1914 πρότερον
1664 1838 1954 1919 γενομένη,

351 1931 423 2006 τῇ
451 1924 660 2005 οὔνομα
678 1925 748 2003 ἦν
769 1926 1088 2004 Σεμίραμις,
1111 1918 1251 2002 αὕτη
1270 1926 1373 2002 μὲν
1394 1924 1699 1995 ἀπεδέξατο
1718 1924 1957 2004 χώματα

355 2014 461 2076 οἷνοῖ
484 2014 552 2076 τὸ
581 2014 774 2075 πεδίον
801 2014 962 2075 ἐόντα
989 2013 1303 2089 ἀξιοθέητα·
1347 2012 1619 2090 πρότερον
1647 2013 1707 2073 δὲ
1733 2012 1897 2072 ἐώθεε
1922 2012 1956 2072 ὅ

262 2105 375 2165 185
391 2102 642 2182 ποταμὸς
682 2102 787 2164 σΪνοῖ
825 2101 892 2163 r&
933 2102 1122 2163 πεδίον
1150 2104 1263 2161 πᾶν
1292 2100 1629 2181 πελαγίζειν.
1696 2099 1771 2159 Ἠ
1801 2099 1862 2159 δὲ
1887 2099 1956 2176 δὴ

352 2194 605 2271 δεύτερον
641 2193 909 2275 γενομένη
948 2190 1153 2266 ταύτης
1190 2188 1483 2265 βασίλεια,
1524 2191 1596 2265 τῇ
1637 2184 1848 2263 οὕνομα
1886 2186 1957 2263 ἦν

351 2283 640 2358 Νίτωκρις,
658 2279 819 2359 (αὕτη
841 2279 900 2337 δὲ
921 2276 1262 2354 συνετωτέρη
1278 2274 1548 2358 γενομένη
1567 2278 1667 2350 τῆς
1684 2274 1959 2352 πρότερον

353 2367 645 2447 οἷρξάση.ς,)
702 2370 870 2426 τοῦτο
923 2366 1027 2441 μὲν
1081 2362 1415 2441 μνημόσυνα
1462 2362 1685 2421 ε’λίπετο
1730 2361 1804 2421 τοὶ
1849 2362 1957 2443 ε’γῶ

353 2453 742 2532 ἀπηγήσομαι·
794 2454 962 2511 τοῦτο
1017 2451 1079 2511 δὲ
1121 2450 1229 2525 τήν
1274 2449 1485 2525 Μήδων
1533 2448 1726 2527 ὁρῶσα
1772 2448 1954 2528 α’ρχήν

351 2540 608 2621 μεγάλην
640 2564 703 2598 τε
739 2539 832 2597 καὶ
867 2537 968 2597 οὔκ
1003 2536 1427 2614 ἀτρεμίζουσαν,
1457 2534 1613 2596 ἄλλα
1636 2562 1700 2597 τε
1731 2536 1956 2615 ἀραιρη-

352 2628 495 2707 μένα
520 2626 697 2688 ἅστεα
722 2625 945 2687 αὐτοῖσι
971 2630 1029 2686 ἐν
1055 2626 1115 2684 δὲ
1143 2624 1212 2701 δή
1241 2625 1333 2684 καὶ
1358 2624 1463 2701 τήν
1492 2628 1685 2693 Νῖνον,
1712 2631 1957 2701 προεφυ-

351 2717 565 2788 λάξατο
604 2714 719 2777 ὅσα
759 2712 986 2775 ἐδύνατο
1024 2712 1299 2792 μάλιστα,
1336 2715 1533 2789 πρῶτα
1570 2713 1675 2788 μὲν
1706 2711 1808 2772 τόν
1848 2710 1957 2771 Ev’-

353 2805 574 2883 φρήτην
611 2801 866 2881 ποταμόν
904 2801 1101 2879 ῥέοντα
1140 2800 1413 2877 πρότερον
1455 2799 1591 2869 ῖθῦν,
1625 2798 1686 2862 ὅς
1716 2806 1830 2877 σφι
1864 2798 1957 2859 διὰ

350 2898 452 2970 τῆς
484 2892 685 2954 πόλιος
718 2892 897 2967 μέσης
923 2890 1051 2966 ῥέει,
1078 2892 1278 2948 τοῦτον
1306 2886 1511 2947 ἄνωθεν
1537 2885 1808 2967 διώρυχας
1831 2886 1956 2965 ὀρύ-

353 2980 504 3047 ξασα
544 2978 684 3037 οὕτω
721 2975 789 3051 δή
814 3000 871 3035 τι
909 2976 1141 3049 ε’ποίησε
1181 2972 1433 3043 σκολιὸν,
1464 2972 1610 3033 ὥστε
1647 2974 1715 3049 δὴ
1744 2975 1863 3052 τρὶς
1901 2979 1957 3038 ἐς

351 3070 461 3124 τῶν
499 3064 622 3123 τινὰ
667 3063 887 3138 κωμέων
931 3064 1041 3120 τῶν
1088 3064 1147 3117 ἐν
1187 3063 1260 3136 τῇ
1304 3058 1585 3138 Ἀσσυρίῃ
1639 3060 1956 3121 ἀπικνέεται

355 3151 509 3225 ῥέων·
548 3154 620 3226 τῇ
647 3150 704 3207 δὲ
731 3147 886 3226 κώμῃ
920 3144 1133 3222 οὔνομά
1166 3148 1289 3202 ἔστι
1330 3150 1384 3207 ε’ς
1423 3144 1527 3219 τήν
1567 3144 1884 3206 ἀπικνέεται
1923 3147 1956 3207 ὅ

353 3232 654 3308 Εὐφρήτης
675 3233 1019 3309 Ἀρδέρικκα·
1062 3228 1155 3288 καὶ
1180 3231 1277 3288 νῦν
1304 3228 1358 3287 οἳ
1388 3227 1457 3288 ἂν
1483 3230 1811 3305 κομίζωνται
1840 3233 1955 3295 ‹in-6
