2250 3500
340 95 629 163 135—139]
954 99 1410 151 MEAIIOMENH.
1847 107 1942 155 335

338 178 531 238 θεοῖσί
566 202 631 236 τε
684 176 776 237 καὶ
815 176 1068 256 Σκύθῃσι
1110 177 1312 242 εἰδότες
1349 179 1535 259 χάριν·
1579 180 1682 241 τόν
1716 181 1776 241 δὲ
1810 185 1944 261 πρό-

334 283 501 342 τερον
538 265 699 324 ἐόντα
734 263 916 341 υμέων
949 265 1295 341 δεσπότην“
1257 270 1417 343 ημεῖς
1453 270 1944 349 παραστησόμεθα

336 379 396 413 οι
406 380 498 423 τω,
554 353 702 413 ὥστε
756 354 849 412 ἐπὶ
904 354 1194 431 μηδαμους
1257 355 1337 415 ἔτι
1395 355 1718 434 ἀνθρώπους
1771 359 1942 421 αὐτὸν

336 441 851 520 mperenssewoanss'

419 530 579 607 Πρὸς
607 533 784 590 ταῦτα
810 533 865 591 οἱ
890 528 1076 612 Ἴωνες
1104 531 1494 606 ἐβουλεύοντο.
1579 534 1900 596 Μιλτιάδεω
1922 540 2035 599 137

335 621 441 696 μὲν
465 623 565 679 τοῦ
595 618 899 694 Ἀθηναίου
925 618 1367 699 στρατηγέοντος
1404 621 1496 680 καὶ
1519 623 1942 702 τυραννεύοντος

335 707 800 784 Χερσονησιτέων
849 711 961 767 τῶν
1020 713 1079 768 ἐν
1135 706 1546 788 Ἑλλησπόντῳ
1597 708 1668 785 ἦν
1725 711 1937 792 γνώμη,

334 795 633 856 πείθεσθαι
662 795 914 874 Σκύθῃσι
934 794 1027 853 καὶ
1052 795 1381 871 ἐλευθεροῦν
1405 795 1632 872 Ἰωνίην·
1662 796 1934 859 Ἱστιαίου

335 881 397 941 δὲ
436 887 538 942 τοῦ
582 883 876 958 Μιλησίου
919 883 1137 958 ἐναντίη
1183 882 1376 961 ταύτῃ,
1418 885 1684 966 λέγοντος
1725 885 1796 949 ὦς
1843 890 1940 947 νῦν

333 973 439 1046 μὲν
478 970 569 1030 διαὶ
612 975 853 1048 Δαρεῖον
894 969 1129 1034 ἕκαστος
1160 969 1341 1031 αὐτῶν
1369 972 1684 1049 τυραννεύει
1714 973 1935 1038 πόλιος·

332 1063 435 1143 τῆς
476 1058 715 1135 Δαρείου
752 1059 812 1118 δὲ
844 1057 1103 1135 δυνάμιος
1136 1059 1568 1136 καταιρεθείσης,
1598 1058 1724 1121 οὔτε
1765 1061 1932 1126 αὐτὸς

332 1147 637 1222 Μιλησίων
670 1144 787 1209 οἷός
826 1171 889 1206 τε
934 1149 1093 1206 ἔσται
1135 1145 1325 1226 ἄρχειν
1361 1146 1486 1207 οὔτε
1523 1147 1704 1208 ἄλλον
1741 1149 1937 1210 οὐδένα

333 1231 608 1310 οὐδαμῶν·
664 1233 1065 1309 βουλήσεσθαι
1116 1234 1228 1314 γὰρ
1282 1234 1523 1310 ἑκάστην
1568 1237 1679 1295 τῶν
1723 1237 1936 1296 πολίων

332 1321 812 1398 δημοκρατέεσθαι
837 1324 1066 1397 μᾶλλον
1090 1319 1129 1396 ἢ
1154 1320 1600 1398 τυραννεύεσθαι.
1666 1321 1936 1383 Ἱστιαίου

332 1408 394 1468 δὲ
437 1409 665 1490 γνώμην
707 1407 917 1485 ταύτην
960 1407 1441 1485 ἀποδεικνυμένου,
1489 1408 1688 1468 αὐτίκα
1732 1410 1936 1474 πάντες

330 1494 482 1571 ἦσαν
524 1496 892 1574 τετραμμένοι
933 1496 1074 1574 πρὸς
1113 1495 1320 1571 ταύτην
1364 1496 1468 1571 τὴν
1511 1495 1751 1576 γνώμην,
1800 1497 1935 1574 πρό-

329 1609 493 1660 τερον
526 1585 631 1660 τὴν
660 1582 983 1644 Μιλτιάδεω
1022 1583 1350 1660 αἱρεόμενοι.
1404 1582 1607 1643 ’Ha-av
1643 1584 1704 1643 δὲ
1741 1581 1895 1645 οὗτοι
1916 1587 2030 1645 138

332 1675 387 1731 οἱ
414 1671 771 1751 διαφέροντές
803 1697 866 1732 τε
895 1671 1000 1746 τήν
1034 1676 1233 1751 ψῆφον
1267 1672 1358 1731 καὶ
1386 1671 1565 1735 ἐόντες
1591 1670 1768 1754 λόγου
1795 1673 1937 1751 πρός

329 1761 639 1836 βασιλῆος·
679 1760 1145 1837 Ἑλλησποντίων
1179 1764 1284 1838 μὲν
1314 1761 1586 1839 τύραννοι,
1617 1761 1837 1837 Δάφνις
1870 1788 1934 1822 τε

329 1846 661 1925 Ἀβυδηνὸς,
706 1850 799 1908 καὶ
833 1849 1145 1912 Ἵπποκλος
1189 1848 1587 1927 Λαμψακηνὸς,
1631 1850 1722 1908 καὶ
1767 1849 1933 1926 Ἠρό-

332 1942 545 2013 φαντος
592 1936 893 2015 Παριηνος,
938 1937 1031 1995 καὶ
1077 1937 1452 2015 Μητρόδωρος
1491 1936 1931 2011 Προκοννήσιος,

331 2024 425 2083 καὶ
464 2023 873 2106 Ἀρισταγόρης
914 2023 1238 2098 Κυζικηνος,
1276 2024 1373 2081 καὶ
1412 2022 1686 2098 Ἀρίστων
1727 2023 1925 2093 Βυζάν·

328 2137 467 2174 τιος·
526 2138 679 2172 ουτοι
730 2115 834 2189 μὲν
884 2137 1037 2188 ησαν
1086 2136 1142 2170 οι
1195 2110 1258 2181 ἐξ
1305 2107 1756 2185 Ἑλλησπόντου.
1837 2109 1935 2169 ἀπ’

327 2198 537 2275 Ἰωνίης
576 2201 651 2271 δὲ,
703 2199 971 2277 Στράττις
1012 2225 1073 2260 τε
1119 2203 1277 2268 Χῖος,
1312 2198 1404 2257 καὶ
1444 2196 1656 2273 Αιάκης
1704 2195 1930 2273 Σάμιος,

330 2286 427 2345 καὶ
476 2288 778 2364 Ααοδαμας
828 2286 1123 2357 Φωκαιευς,
1171 2287 1264 2345 καὶ
1314 2285 1580 2347 Ἱστιαῖος
1625 2283 1933 2360 Μιλήσιος,

328 2377 431 2434 τοῦ
467 2372 537 2448 ἦν
570 2375 763 2455 γνώμη
793 2375 832 2451 ἦ
867 2373 1204 2453 προκειμένη
1237 2375 1455 2450 ἐναντίη
1491 2376 1564 2452 τῇ
1591 2371 1931 2432 Μιλτιάδεω.

327 2462 580 2522 Αἰολέων
624 2462 687 2522 δὲ
738 2466 924 2541 παρῆν
974 2461 1212 2543 λόγιμος
1264 2465 1470 2539 μοῦνος
1520 2459 1933 2542 Ἀρισταγόρης

330 2554 609 2626 Κυμαῖος.

414 2634 587 2698 Οὗτοι
613 2637 687 2699 ὧν
711 2638 839 2698 ἐπεί
857 2662 921 2699 τε
944 2636 1049 2715 τὴν
1073 2637 1344 2699 Ἱστιαίου
1371 2636 1623 2713 αἱρέοντο
1649 2632 1894 2715 γνώμην,
1915 2636 2028 2692 139

326 2725 488 2794 ἔδοξέ
522 2731 636 2801 σφι
672 2724 813 2805 πρὸς
846 2729 1023 2786 ταῦτα
1058 2724 1193 2786 τάδε
1227 2726 1362 2805 ἔργα
1389 2749 1452 2784 τε
1480 2722 1571 2781 καὶ
1597 2721 1731 2779 ἔπεα
1756 2745 1959 2797 προσ-·

329 2813 527 2873 θεῖναι·
567 2818 671 2890 τῆς
694 2817 799 2891 μὲν
834 2813 1086 2894 γεφύρης
1116 2812 1272 2871 λύειν
1295 2812 1367 2871 τοὶ
1395 2809 1536 2869 κατὰ
1561 2809 1692 2871 τοῦς
1718 2806 1937 2873 Σκύθας

328 2900 509 2971 ἐόντα,
556 2902 714 2961 λύειν
759 2902 821 2961 δὲ
868 2900 1009 2961 ὅσον
1047 2898 1292 2973 τόξευμα
1333 2897 1647 2967 ἐξικνέεται·
1707 2896 1796 2956 ἵνα
1844 2895 1937 2953 καὶ

324 2990 537 3049 ποιέειν
574 3014 631 3049 τι
670 2989 908 3049 δοκέωσι
946 2990 1230 3049 ποιεῦντες
1267 2985 1456 3062 μηδὲν,
1492 2984 1584 3042 καὶ
1625 3010 1680 3042 οι
1720 2981 1932 3047 Σκύθαι

326 3076 410 3152 μή
452 3076 728 3155 πειρώατο
774 3076 1043 3155 βιώμενοι
1090 3075 1210 3160 [καὶ
1251 3070 1621 3153 βουλόμενοι]
1670 3071 1937 3147 διαβῆναι

326 3163 429 3225 τόν
462 3163 697 3242 Ἴστρον
740 3190 883 3227 κατα
920 3165 1027 3241 τήν
1062 3166 1334 3246 γέφυραν·
1385 3163 1558 3221 εἰπεῖν
1593 3184 1658 3219 τε
1700 3156 1938 3228 λύοντας

327 3254 432 3325 τῆς
471 3253 722 3332 γεφύρης
760 3252 829 3313 τό
871 3256 929 3314 ἐς
972 3251 1077 3327 τὴν
1125 3250 1404 3327 Σκυθικὴν
1447 3248 1592 3326 ἔχον,
1637 3273 1710 3310 ως
1754 3245 1935 3306 πάντα
