2250 3500
328 131 428 178 256
938 108 1324 177 ·m>vo·.1·01·'
1790 125 1923 189 [ΠΙ.

328 208 542 284 ἔβενον,
586 206 680 265 καὶ
718 206 921 284 ἄνδρας
958 206 1263 287 μεγίστους
1303 206 1398 264 καὶ
1438 206 1785 269 καλλίστους
1836 206 1932 265 καὶ

329 293 837 372 μακροβιωτάτους.

240 386 269 443 l
282 385 355 443 15
435 379 615 441 Αὗται
639 382 745 457 μέν
768 407 867 443 νυν
897 382 955 441 ἔν
984 406 1049 440 τε
1079 384 1154 459 τῇ
1191 380 1362 459 Ἀσίῃ
1394 380 1658 459 ἐσχατιαί
1689 382 1804 440 εἶσι
1839 381 1934 440 καὶ

332 475 395 530 ἐν
420 473 493 548 τῇ
517 470 731 548 Λιβύῃ.
810 470 939 547 περὶ
964 469 1025 528 δὲ
1058 473 1171 529 τῶν
1197 474 1257 529 ἐν
1279 473 1354 547 τῇ
1387 467 1633 547 Εὖρῶπῃ
1658 472 1768 528 τῶν
1791 468 1936 546 πρός

332 560 577 635 ἑσπέρην
617 558 920 638 ἐσχατιέων
961 557 1068 637 ἔχω
1106 558 1212 633 μὲν
1252 556 1354 615 οὔκ
1405 554 1673 633 ἀτρεκέως
1724 556 1933 637 λέγειν·

334 646 461 707 οὔτε
482 647 596 728 γὰρ
626 648 798 728 ἔγωγε
832 645 1122 722 ἐνδέκομαι
1143 642 1444 721 Ἠριδανόν
1467 668 1594 703 τινα
1630 644 1937 703 καλέεσθαι

333 735 479 814 πρδς
526 735 842 813 βαρβάρων
890 731 1167 810 ποταμόν,
1209 730 1492 793 ἐκδιδόντα
1533 736 1591 794 ἐς
1629 730 1936 791 θάλασσαν

335 823 443 899 τήν
475 823 617 899 πρός
649 824 837 899 βορῆν
871 818 1092 897 ἄνεμον,
1117 818 1214 879 ἄπ’
1245 818 1371 879 ὅτευ
1408 818 1476 879 τό
1501 817 1778 895 ἤλεκτρον
1809 825 1936 894 φοι-

336 915 443 971 τὰἶν
493 909 667 990 λόγος
716 910 859 978 ἐστὶ,
908 906 1037 969 οὔτε
1081 907 1290 984 νήσους
1342 906 1466 967 οἶδα
1517 907 1937 984 Κασσιτερίδας

338 997 554 1066 ἐούσας,
582 1002 643 1055 ἐκ
668 1000 779 1058 τῶν
804 996 838 1056 ὅ
868 996 1206 1073 κασσίτερος
1231 994 1370 1074 ἡμῖν
1395 999 1590 1073 φοιτᾷ·
1641 999 1809 1055 τοῦτο
1832 997 1937 1071 μὲν

335 1084 464 1165 γὰρ,
492 1084 525 1144 ὅ
549 1084 847 1161 Ἠριδανός
872 1082 1009 1144 αὖτό
1034 1086 1362 1165 κατηγορέει
1384 1082 1451 1145 τό
1477 1080 1692 1158 οὔνομα
1717 1082 1790 1146 ὦς
1815 1084 1938 1143 ἔστι

336 1172 674 1248 Ἑλληνικόν
700 1172 795 1231 καὶ
820 1170 885 1231 οὖ
922 1168 1242 1249 βάρβαρον,
1270 1170 1382 1231 ὖπό
1416 1172 1657 1247 ποιητέω
1693 1170 1758 1229 δέ
1789 1196 1938 1234 τινος

338 1261 588 1336 ποιηθέν·
635 1263 803 1320 τοῦτο
838 1260 915 1331 δὲ,
952 1258 1172 1323 οὕδενός
1207 1258 1492 1319 αὖτόπτεω
1531 1260 1832 1339 γενομένου
1871 1257 1936 1319 οὔ

339 1348 576 1427 δύναμαι
626 1347 885 1419 οἰκοῦσαι,
936 1351 1105 1408 τοῦτο
1155 1350 1420 1425 μελετῶν,
1475 1344 1614 1409 ὅκως
1665 1346 1940 1407 θάλασσά

341 1442 465 1498 ἐστι
494 1437 567 1497 τὰ
604 1438 853 1497 ἐπέκεινα
883 1439 985 1511 τῆς
1017 1435 1311 1513 Εὐρώπης·
1354 1434 1424 1503 ἐξ,
1446 1433 1691 1513 ἐσχάτης
1725 1434 1786 1493 δ’·
1805 1434 1880 1494 ὧν
1905 1433 1939 1495 ὅ

248 1527 363 1585 116
382 1550 443 1585 τε
468 1526 801 1602 κασσίτερος
824 1524 961 1599 ἡμῖν
992 1527 1167 1603 φοιτᾷ
1185 1523 1285 1603 ,καὶ
1312 1521 1382 1581 τό
1412 1521 1697 1599 ἤλεκτρον.
1783 1523 1942 1600 Πρὸς

340 1613 402 1672 δὲ
436 1610 640 1689 ἄρκτου
678 1617 779 1687 τῆς
815 1611 1087 1687 Εὐρώπης
1120 1614 1322 1690 πολλῷ
1352 1634 1408 1670 τι
1433 1613 1705 1673 πλεῖστος
1728 1610 1942 1689 χρυσὸς

340 1700 598 1776 φαίνεται
649 1697 772 1758 ε’ὥν·
828 1696 968 1762 ὅκως
1012 1701 1117 1776 μὲν
1161 1697 1466 1780 γινόμενος,
1521 1697 1622 1757 οὐκ
1665 1698 1774 1777 ἔχω
1814 1697 1943 1759 οὐδὲ

338 1791 505 1847 τοῦτο
530 1785 796 1864 ἀτρεκέως
822 1785 993 1845 εἶπαι·
1034 1787 1261 1867 λέγεται
1289 1787 1348 1846 δὲ
1370 1786 1462 1846 ὕπ’
1491 1791 1550 1844 ἐκ
1582 1790 1692 1846 τῶν
1714 1791 1944 1868 γρυπῶν

341 1873 605 1952 ἁρπάζειν
628 1873 1033 1952 Ἀριμασπους,
1062 1873 1266 1952 ἄνδρας
1289 1873 1784 1953 μουνοφθάλμους·
1824 1877 1942 1934 πεί-

342 1964 513 2040 θομαι
566 1962 627 2022 δὲ
678 1963 805 2023 οὐδὲ
850 1965 1035 2036 τοῦτο,
1084 1961 1226 2026 ὅκως
1268 1962 1706 2040 μουνόφθαλμοι
1751 1961 1943 2042 ανδρες

342 2051 598 2128 φύονται,
647 2051 825 2127 φύσιν
878 2053 1100 2131 ἔχοντες
1150 2051 1256 2126 τήν
1308 2048 1496 2126 ἄλλην
1545 2049 1746 2126 ομοίην
1788 2056 1944 2112 τοῖσι

340 2138 577 2201 ἄλλοισι
629 2139 996 2219 ἀνθρώποισι.
1077 2142 1138 2199 αἱ
1179 2138 1249 2214 δη
1299 2133 1375 2196 ὧν
1422 2139 1682 2216 ἐσχατιαὶ
1735 2140 1940 2210 οικασι,

339 2229 769 2306 περικληίουσαι
816 2229 922 2304 τήν
974 2227 1163 2304 ἄλλην
1214 2226 1400 2307 χώρην
1444 2227 1536 2284 καὶ
1580 2225 1733 2290 ἐντός
1776 2226 1941 2305 ἀπέρ-

338 2341 561 2397 γουσαι,
589 2343 661 2376 τα
701 2316 989 2378 κάλλιστα
1021 2315 1290 2377 δοκέοντα
1321 2314 1456 2391 ἡμῖν
1495 2311 1636 2374 εἶναι
1669 2315 1762 2374 καὶ
1795 2339 1943 2375 σπα-

340 2427 580 2462 νιωτατα
612 2405 758 2481 ἔχειν
783 2429 965 2464 αυται.

254 2491 363 2552 117
436 2489 609 2548 ’Ἐστι
662 2491 722 2549 δὲ
773 2491 965 2551 πεδίον
1018 2495 1077 2551 ἐν
1120 2516 1195 2570 τῃ
1238 2489 1410 2568 Ἀσίῃ
1453 2489 1944 2567 περικεκληῖμένον

342 2576 493 2657 οὔρεϊ
517 2576 811 2648 πάντοθεν,
841 2578 1155 2660 διασφάγες
1193 2579 1254 2638 δὲ
1278 2582 1380 2637 τοῦ
1407 2577 1596 2655 οὔρεός
1623 2582 1734 2638 εἶσι
1758 2578 1942 2637 πέντε·

341 2670 509 2728 τοῦτο
531 2666 599 2727 τό
625 2667 816 2726 πεδίον
855 2665 925 2742 ἦν
954 2668 1057 2743 μέν
1092 2692 1222 2726 κοτε
1253 2666 1613 2744 Χορασμίων,
1643 2671 1701 2725 ἐν
1727 2664 1944 2743 οὔροισι

344 2754 435 2815 ε’ὂν
478 2759 587 2815 τῶν
639 2755 984 2833 Χορασμίων
1024 2769 1087 2814 τε
1129 2753 1308 2814 αὐτῶν
1355 2755 1448 2813 καὶ
1486 2753 1804 2831 Ὑρκανίων,
1851 2753 1944 2812 καὶ

347 2841 603 2919 Πάρθων,
648 2844 740 2901 καὶ
780 2843 1132 2923 Σαραγγέων,
1175 2843 1268 2901 καὶ
1308 2843 1662 2919 Θαμαναίων·
1723 2841 1849 2900 ἐπεί
1881 2865 1944 2900 τε

341 2929 401 2987 δὲ
444 2931 671 3007 Πέρσαι
717 2932 913 3008 ἔχουσι
956 2930 1024 2990 vd
1068 2929 1285 3007 κράτος,
1335 2931 1460 2989 ἔστι
1499 2933 1602 2989 τοῦ
1645 2928 1942 3006 βασιλέος.

342 3020 403 3074 ἐκ
444 3016 511 3092 δὴ
554 3017 628 3077 ὦν
660 3023 761 3077 τοῦ
792 3012 1214 3094 περικληίοντος
1246 3015 1436 3094 οὔρεος
1466 3017 1670 3078 τούτου
1700 3019 1814 3095 ῥέει
1841 3041 1920 3076 πο

340 3100 516 3176 ταμός
544 3104 736 3184 μέγας,
776 3103 985 3179 οὕνομα
1024 3105 1087 3163 δέ
1122 3107 1180 3162 οἳ
1219 3106 1346 3164 ἐστὶ
1374 3102 1571 3182 Ἀκης·
1614 3104 1776 3170 οὗτος
1811 3103 1942 3182 πρό-

340 3210 498 3259 τερον
546 3193 651 3263 μὲν
695 3189 948 3265 ἄρδεσκε,
996 3191 1442 3269 διαλελαμμένος
1488 3198 1788 3272 πενταχοῦ,
1835 3197 1943 3253 τῶν

344 3272 638 3342 εἰρημένων
653 3276 861 3335 τούτων
878 3276 979 3339 τοὶς
1003 3275 1204 3356 χώρας,
1221 3279 1314 3337 &ot
1335 3278 1657 3362 διασφάγος
1673 3281 1944 3362 ἀγόμενος
