2250 3500
308 119 407 169 200
915 114 1278 164 ἩΡοΔοΤοΤ
1773 116 1902 181 [ῙΠ.

310 198 512 256 ἐωυτοῦ
558 192 835 252 δεσπότεα
878 192 998 269 μετ’
1045 196 1360 275 Αἰγυπτίων
1407 195 1725 259 ἐπαναστας
1775 196 1905 272 ἐφό-

844 279 860 301 Q
939 278 955 301 ἱ
990 281 1014 301 2

310 280 522 344 νευσε.”
588 283 755 339 τοῦτο
792 279 860 355 δη
888 306 953 339 το
986 306 1115 343 επος
1149 282 1243 340 καὶ
1274 307 1414 357 αυτη
1439 282 1478 358 ἦ
1511 284 1660 358 αἰτίη
1689 288 1906 364 ἐγγενο-

308 370 447 448 μένη
480 366 657 448 ἤγαγε
695 367 1019 443 Καμβύσεα
1053 394 1152 428 τον
1194 369 1400 445 Κύρου,
1432 368 1694 451 μεγάλως
1730 372 1908 447 θυμω-

312 458 491 525 θέντα,
520 454 604 515 ἐπ’
622 456 923 535 Αἴγυπτον.
984 454 1125 515 οὕτω
1149 456 1252 532 μέν
1278 482 1373 515 νυν
1399 458 1636 538 λέγουσι
1661 458 1906 535 Πέρσαι.

244 548 282 605 2
309 542 605 625 Αἰγύπτιοι
631 542 690 601 δὲ
721 546 1055 619 οἰκηῖεὓνται
1080 543 1422 620 Καμβύσεα,
1451 544 1701 621 φάμενοί
1718 571 1817 622 μιν
1848 551 1908 605 ἐκ

310 631 516 708 ταύτης
556 631 622 706 δὴ
663 634 763 705 τῆς
797 629 1038 707 Ἀπρίεω
1083 630 1357 711 θυγατρός
1391 633 1674 712 γενέσθαι·
1718 637 1909 710 Κῦρον

308 720 421 804 γὰρ
470 718 607 780 εἶναι
651 717 751 778 τόν
800 719 1103 795 πέμψαντα
1155 718 1308 795 παραῖ
1353 718 1608 795 Ἀμασιν
1660 721 1753 779 ἐπὶ
1803 721 1910 797 τὴν

313 809 605 890 θυγατέρα,
642 804 773 864 ἀλλ’
805 805 871 865 οὗ
908 805 1254 883 Καμβύσεα.
1323 807 1583 889 λέγοντες
1619 808 1680 867 δὲ
1712 812 1907 878 ταῦτα,

312 895 411 956 οὖκ
440 894 616 971 ὀρθῶς
646 893 902 973 λέγουσι.
971 892 1037 952 οὔ
1062 893 1178 969 μὴν
1205 893 1331 953 οὐδὲ
1357 894 1567 970 λέληθε
1593 894 1808 965 αὐτοῦς,
1837 896 1910 976 (εἰ

311 981 423 1064 γάρ
466 1006 608 1043 τινες
661 980 755 1038 καὶ
800 980 987 1050 ἄλλοι,
1028 980 1099 1040 τοὶ
1147 982 1415 1057 Περσέων
1466 981 1677 1059 νόμιμα
1731 982 1909 1061 ὀρθῶς

313 1068 636 1129 ἐπιστέαται
670 1067 763 1126 καὶ
794 1066 1132 1147 Αἰγύπτιοι,)
1159 1068 1246 1128 ὅτι
1278 1074 1474 1147 πρῶτα
1502 1072 1608 1146 μὲν
1640 1070 1807 1132 νόθον
1843 1070 1910 1130 οὔ

313 1162 426 1232 σφι
478 1154 647 1233 νόμος
701 1155 827 1215 ἐστὶ
874 1155 1129 1231 βασιλεῖ
1131 1181 1247 1226 σαι,
1299 1158 1538 1237 γνησίου
1588 1156 1907 1234 παρεόντος·

314 1242 468 1306 αὖτις
492 1241 623 1313 δὲ,”
590 1270 678 1303 οτι
704 1242 1118 1319 Κασσανδάνης
1141 1248 1243 1319 τῆς
1262 1244 1609 1321 Φαρνάσπεω
1635 1246 1910 1326 θυγατρος

316 1329 387 1407 ἦν
423 1335 556 1394 παῖς
595 1330 936 1409 Καμβύσης,
973 1329 1171 1407 ανδρός
1205 1330 1616 1409 Ἀχαιμενίδεω,
1648 1331 1781 1391 ἀλλ’
1807 1332 1908 1393 οὐκ

315 1426 376 1480 ἐκ
410 1424 513 1496 τῆς
544 1420 869 1500 Αἰγυπτίης·
939 1416 1093 1477 αλλα
1128 1420 1552 1496 παρατρέπουσι
1584 1419 1683 1480 τᾶν
1714 1419 1908 1502 λόγον,

313 1506 784 1586 προσποιεύμενοι
808 1510 879 1585 τῇ
906 1505 1096 1583 Κύρου
1122 1508 1268 1585 οἰκίῃ
1287 1508 1582 1588 συγγενέες
1605 1506 1763 1567 εἶναι.
1817 1510 1910 1568 καὶ

247 1600 284 1655 3
310 1600 488 1657 ταῦτα
521 1620 626 1672 μεν
662 1592 836 1652 ωδε”
807 1618 939 1671 εχει.
1006 1593 1248 1674 Λέγεται
1288 1594 1348 1653 δὲ
1387 1595 1482 1653 καὶ
1517 1594 1677 1654 58e‘
1644 1624 1676 1655 ο
1717 1594 1907 1677 λόγος,

316 1682 443 1756 ἐμοὶ
481 1684 586 1758 μὲν
630 1680 693 1739 οὗ
734 1679 985 1742 πιθανός·
1040 1706 1113 1742 ως
1151 1684 1262 1740 τῶν
1304 1682 1599 1760 Περσίδων
1637 1688 1910 1764 γυναικῶν

317 1768 635 1831 ἐσελθοῦσα
659 1792 743 1830 τις
768 1768 920 1843 παροὶ
944 1794 1045 1831 τας
1071 1767 1263 1846 Κύρου
1285 1773 1568 1852 γυναῖκας,
1593 1797 1665 1834 ως
1696 1770 1807 1831 εἶδε
1837 1777 1909 1850 τῇ

314 1854 701 1933 Κασσανδάνῃ
726 1859 1087 1931 παρεστεῶτα
1112 1857 1279 1916 τέκνα
1307 1857 1512 1917 εὐειδέα
1536 1884 1599 1918 τε
1625 1861 1718 1918 καὶ
1740 1860 1907 1941 μεγά-

314 1949 408 2015 λα,
449 1947 648 2022 πολλῷ
687 1946 891 2022 ἐχρᾶτο
931 1947 1009 2022 τῷ
1048 1945 1250 2024 ἐπαίνῳ
1289 1943 1820 2022 ύπερθωυμᾶζουσα·
1869 1947 1908 2023 ἦ

317 2033 377 2094 δὲ
411 2030 814 2108 Κασσανδάνη,
844 2034 1017 2092 ἐοῦσα
1050 2036 1152 2092 τοῦ
1189 2032 1380 2110 Κύρου
1412 2033 1569 2114 γυνή,
1603 2033 1724 2094 εἰπε
1758 2034 1907 2095 τάδε·

314 2133 351 2160 “
365 2122 589 2184 τοιῶνδε
623 2121 813 2199 μέντοι
850 2123 948 2198 ἐμὲ
982 2121 1192 2181 παίδων
1227 2121 1442 2199 μητέρα
1479 2125 1687 2183 ἐοῦσαν
1722 2127 1909 2199 Κῦρος

314 2217 372 2272 ἐν
411 2209 602 2288 οἷτιμίῃ
644 2211 775 2287 ἔχει·
821 2209 924 2285 τὴν
964 2208 1010 2268 δ’
1051 2208 1146 2269 ἀπ’
1185 2208 1472 2289 Αἰγύπτου
1515 2210 1810 2286 ἐπίκτητον
1849 2215 1908 2270 ἐν

310 2302 446 2376 τιμῇ
469 2295 731 2358 τίθεται.”
795 2296 900 2372 τήν
924 2299 1029 2373 μὲν
1053 2296 1372 2376 ἀχθομένην
1395 2301 1468 2375 τῇ
1495 2296 1700 2374 Νιτήτι
1734 2301 1906 2358 εἰπεῖν

312 2390 507 2445 ταῦτα·
560 2387 669 2443 τῶν
709 2383 772 2442 δέ
818 2387 871 2442 οἱ
914 2385 1128 2444 παίδων
1165 2384 1264 2444 ’τὸν
1308 2384 1698 2462 πρεσβύτερον
1737 2390 1910 2446 εἰπεῖν

314 2470 659 2547 Καμβύσεα·
703 2479 739 2506 “
755 2470 950 2551 τοιγάρ
976 2496 1081 2540 τοι,
1112 2469 1154 2530 ὦ
1185 2475 1382 2549 μῆτερ,
1413 2471 1581 2532 ἐπεᾶν
1612 2473 1721 2554 ἐγὼ
1746 2475 1908 2554 γένω-

312 2585 416 2637 μαι
447 2558 604 2636 οἷνῆρ,
633 2556 919 2638 Αἰγύπτου
952 2557 1024 2617 τὰ
1058 2561 1163 2636 μὲν
1198 2558 1308 2619 ἄνω
1347 2559 1493 2620 κάτω
1531 2560 1705 2636 θήσω,
1739 2560 1813 2620 τὰ
1849 2561 1911 2620 δὲ

314 2647 460 2708 κάτω
500 2645 659 2708 ἅνω.”
723 2649 899 2706 ταῦτα
940 2650 1111 2707 εἰπεῖν
1151 2646 1319 2707 αὐτὸν
1359 2649 1484 2707 ἔτεα
1527 2647 1600 2711 ὥς
1639 2649 1772 2707 δέκα
1811 2674 1912 2708 κου

311 2735 600 2818 γεγονότα,
624 2736 716 2794 καὶ
740 2734 840 2798 τοῖς
863 2738 1127 2817 γυναῖκας
1153 2739 1212 2794 ἐν
1237 2733 1484 2813 θωύματι
1503 2736 1786 2817 γενέσθαι·
1812 2735 1912 2796 τὸν

314 2825 375 2882 δὲ
414 2821 933 2902 διαμνημονεύοντα,
966 2822 1107 2882 οὕτω
1145 2822 1230 2898 δὴ,
1272 2823 1396 2882 ἐπεί
1429 2848 1492 2883 τε
1527 2823 1783 2900 ἀνδρώθη
1819 2823 1913 2882 καὶ

312 2911 448 2989 ἔσχε
483 2911 588 2986 τῇν
625 2911 957 2986 βασιληίην,
983 2909 1337 2987 ποιήσασθαι
1371 2910 1476 2986 τὴν
1513 2909 1597 2970 ἐπ’
1625 2913 1914 2992 Αἴγυπτον

314 2999 637 3074 στρατηίην.

170 3132 182 3140 .
244 3085 283 3140 4
391 3083 683 3159 Συνήνεικε
710 3084 769 3143 δε
788 3085 881 3144 καὶ
900 3082 1049 3144 αλλο
1072 3109 1130 3143 τι
1154 3083 1367 3144 τοιόνδε
1393 3089 1630 3166 πρῆγμα
1646 3087 1915 3194 γενέσθαι

313 3171 368 3228 ἐς
390 3168 495 3242 τὴν
516 3169 941 3281 ἐπιστρατευσιν
966 3170 1188 3246 ταύτην.
1252 3171 1322 3247 ἦν
1340 3176 1451 3232 τῶν
1477 3173 1780 3250 ἐπικούρων
1801 3199 1916 3234 των

308 3249 646 3324 Ἀμάσιος’
611 3256 750 3330 ανὴρ
774 3258 935 3336 γένος
959 3259 1063 3332 μὲν
1086 3256 1586 3336 Ἀλικαρνησσευς,
1615 3259 1827 3337 οὔνομα
1853 3261 1919 3320 δε

2238 472 2239 487 μ
2237 214 2239 459 ᾼᾉᾼΑ
2221 132 2240 157 ι
