2250 3500
346 113 565 180 ⁵1-551
929 117 1384 171 ΜΕΔΠΟΜΕΝΗ.
1848 119 1942 170 801

346 195 491 256 κατὰ
522 193 751 276 γνώμας
778 195 881 260 τοῖς
914 195 1202 274 ἡμετέρας,
1232 196 1354 258 οὔτι
1372 200 1592 276 ’μοῦνον
1616 200 1728 259 τῶν
1753 197 1952 262 Σκυθι·

346 285 457 342 κῶν
490 287 772 360 ποταμῶν,
800 283 957 343 α’λλοὶ
998 285 1092 344 καὶ
1130 289 1241 344 τῶν
1271 283 1464 346 ’ἄλλων
1491 283 1764 356 ἁπάντων,
1795 284 1952 362 πλὴν

346 370 565 430 Νείλου
594 375 695 431 τοῦ
736 371 1062 452 Αἰγυπτίου·
1104 369 1282 451 τούτῳ
1316 373 1428 452 γσῖρ
1461 371 1562 432 οὖκ
1603 372 1696 432 οἶά
1729 398 1792 433 τε
1820 377 1944 434 ε’στι

343 458 697 533 συμβαλέειν
726 456 909 519 ἄλλον
946 457 1222 536 ποταμόν·
1265 463 1376 520 τῶν
1419 460 1479 519 δὲ
1517 463 1732 521 λοιπῶν
1773 466 1948 539 Βορυ-

343 545 551 621 σθένης
576 546 702 605 ἐστὶ
724 546 1234 623 πολυαρκέστατος,
1263 545 1326 611 ὃς
1350 546 1524 624 νομάς
1546 571 1612 608 τε
1636 549 1950 612 καλλίστας

342 631 437 692 καὶ
468 631 957 709 ,εὐκομιδεστάτας
1008 633 1239 709 κτήνεσι
1281 634 1602 714 παρέχεται,
1647 633 1841 714 ἰχθύας
1883 660 1948 696 τε

342 717 607 796 ἀρίστους
633 718 913 798 ὃιακριδόν
940 721 1033 780 καὶ
1056 721 1379 785 πλείστους·
1416 722 1685 782 πίνεσθαί
1705 747 1768 782 τε
1786 721 1947 798 ἥδισ-

340 806 437 870 τός
468 811 613 867 ἔστι·
652 809 767 885 ῥέει
796 833 859 868 τε
896 807 1139 886 καθαρὸς
1173 809 1332 888 ,παραὶ
1373 811 1684 888 θολεροῖσι·
1729 810 1945 887 σπόρος

340 917 405 953 τε
442 893 574 972 παρ’
600 893 771 956 αυτόν
796 894 1028 972 ἄριστος
1059 897 1290 977 γίνεται·
1320 896 1468 974 ποίη
1492 922 1572 970 τε,
1598 901 1672 976 τῇ
1697 896 1762 958 οὗ
1788 899 1945 959 σπεί-

338 1006 497 1058 ρεται
534 981 574 1059 ἦ
610 983 785 1062 χῶρη,
825 983 1143 1060 βαθυτάτη·
1191 984 1324 1049 ἅλες
1357 1011 1421 1045 τε
1462 985 1553 1045 ἐπὶ
1592 989 1670 1065 τῷ
1700 985 1954 1064 στόματί

338 1067 512 1130 αυτοῦ
552 1069 859 1149 αυτόματοι
896 1071 1204 1183 πήγνυνται
1243 1069 1498 1134 απλετοι·
1541 1072 1712 1150 κήτεά
1749 1099 1812 1135 τε
1845 1100 1942 1152 με·

336 1156 495 1238 γάλα
527 1157 827 1228 ἀνάκανθα,
852 1182 927 1219 τα
956 1158 1286 1224 αντακαίους
1320 1161 1607 1233 καλέουσι,
1639 1162 1943 1241 παρέχεται

338 1249 397 1308 ἐς
420 1246 759 1325 ταρίχευσιν,
778 1243 933 1304 ἅλλα
956 1272 1021 1308 τε
1044 1247 1242 1306 πολλοὶ
1268 1247 1560 1324 θωυμάσαι
1585 1247 1730 1318 ἄξια.
1770 1250 1942 1330 μέχρι

334 1333 443 1409 μέν
466 1359 565 1394 νυν
590 1333 801 1411 Γέρρου
824 1333 1027 1412 χώρου,
1054 1338 1109 1397 ἔς
1133 1333 1233 1394 τόν
1255 1334 1672 1412 τεσσεράκοντα
1695 1335 1942 1412 ἡμερέων

336 1419 517 1484 πλόος
552 1421 693 1491 ἐστὶ,
720 1421 1055 1503 γινώσκεται
1088 1421 1228 1497 ῥέων
1253 1419 1368 1481 ἀπὸ
1393 1421 1580 1499 βορέω
1606 1420 1831 1498 οἷνέμου·
1870 1421 1938 1484 τδ

336 1507 400 1568 δὲ
434 1508 743 1587 κατύπερθε
774 1507 841 1568 δι’
868 1506 945 1569 ὦν
968 1508 1081 1585 ῥέει
1108 1507 1426 1586 ἀνθρώπων,
1454 1508 1630 1572 οὐδεὶς
1657 1510 1771 1588 ἔχει
1798 1510 1942 1589 φρά-

336 1620 457 1655 σαι·
513 1597 773 1672 φαίνεται
812 1596 873 1656 δὲ
908 1596 1048 1674 ῥέων
1088 1594 1158 1655 δι’
1193 1595 1404 1674 ἐρήμου
1444 1601 1500 1660 ἐς
1538 1599 1650 1658 τῶν
1683 1601 1942 1679 γεωργῶν

338 1683 591 1746 Σκυθέων
614 1683 718 1761 τήν
737 1682 943 1765 χώρην·
978 1681 1132 1744 οὗτοι
1157 1684 1268 1766 γὰρ
1295 1687 1350 1745 οἱ
1375 1684 1594 1750 Σκύθαι
1617 1683 1748 1763 παρ’
1769 1683 1939 1748 αὐτόν

335 1773 429 1831 ε’πὶ
456 1773 587 1832 δέκα
612 1772 860 1851 ἡμερέων
877 1772 1061 1833 πλόον
1079 1774 1360 1851 νέμονται.
1414 1772 1624 1852 μούνου
1650 1774 1711 1834 δὲ
1734 1774 1937 1837 τούτου

332 1863 436 1919 τοῦ
461 1864 717 1938 ποταμοῦ
746 1861 839 1919 καὶ
862 1860 1078 1921 Νειλου
1105 1861 1206 1921 οὐκ
1233 1863 1340 1941 ἔχω
1361 1862 1582 1939 φράσαι
1605 1862 1707 1926 τοὶς
1732 1862 1935 1944 πηγάς·

334 1947 505 2009 δοκέω
540 1949 617 2019 δὲ,
653 1947 780 2009 οὐδὲ
814 1948 991 2011 οὐδεὶς
1028 1947 1340 2023 Ἑλλήνων.
1406 1949 1589 2030 οἷγχοῦ
1627 1975 1692 2009 τε
1732 1950 1800 2026 δή
1838 1952 1938 2011 θα-

333 2034 562 2113 λάσσης
598 2036 631 2097 ὅ
667 2037 1023 2115 Βορυσθένης
1056 2036 1196 2114 ῥέων
1219 2036 1448 2117 γίνεται,
1477 2038 1575 2095 καί
1601 2038 1654 2096 οἱ
1686 2037 1934 2113 συμμίσ-

332 2149 493 2205 γεται
517 2124 549 2184 ὅ
568 2122 805 2188 ’Υπανις
830 2128 885 2187 ἔς
908 2122 1087 2183 τῶυτὸ
1108 2123 1239 2186 ἕλος
1259 2122 1519 2186 ἐκδιδούς·
1551 2121 1618 2183 τὸ
1641 2122 1700 2181 δὲ
1725 2122 1934 2199 μεταξῦ

331 2214 444 2271 τῶν
467 2215 735 2289 ποταμῶν
758 2210 967 2272 τούτων
995 2209 1086 2271 ε’ὂν
1113 2212 1368 2287 ἔμβολον
1390 2213 1493 2285 τῆς
1516 2207 1714 2289 χῶρης,
1743 2208 1933 2273 Ἱππό-

332 2302 443 2358 λεω
464 2298 606 2377 ἄκρη
629 2300 906 2359 καλέεται·
934 2303 994 2359 ἐν
1013 2298 1071 2358 δὲ
1090 2298 1158 2359 τὰ
1180 2296 1300 2377 ἶρόν
1321 2298 1622 2376 Δήμητρος
1641 2297 1930 2375 ἐνίδρυται·

330 2387 509 2463 πέρην
560 2386 621 2446 δὲ
672 2389 773 2448 τοῦ
825 2389 947 2463 ἱροῦ
994 2386 1087 2446 ἐπὶ
1109 2386 1113 2389 ’
1136 2390 1214 2465 τιξ
1255 2385 1455 2446 Ὑπάνι
1501 2385 1932 2465 Βορυσθενεῗται

332 2475 711 2552 κατοίκηνται.
764 2477 944 2537 ταῦτα
980 2476 1085 2552 μὲν
1124 2475 1198 2536 τὰ
1229 2472 1342 2535 dara
1374 2472 1582 2537 τούτων
1615 2478 1725 2537 τῶν
1759 2498 1930 2535 ποτα-

329 2566 473 2639 μῶν.
522 2580 527 2583 “

414 2648 581 2710 Μετὰ
630 2650 692 2711 δὲ
736 2650 965 2717 τούτους
1015 2651 1270 2729 πέμπτος
1319 2650 1574 2729 ποταμός
1625 2649 1804 2713 ἄλλος
1854 2650 1932 2727 τῷ
1947 2649 2024 2708 54

329 2736 545 2813 οὕνομα
584 2738 965 2815 Παντικάπης·
1004 2740 1120 2817 ῥέει
1160 2740 1221 2799 δὲ
1259 2739 1353 2797 καὶ
1393 2738 1555 2800 οὗτος
1592 2735 1706 2796 ἅπὸ
1745 2735 1932 2813 βορέω

326 2849 393 2886 τε
420 2825 514 2884 καὶ
546 2830 608 2885 ἐκ
638 2826 859 2902 λίμνης,
891 2827 985 2885 καὶ
1022 2823 1089 2885 τό
1124 2826 1335 2903 μεταξύ
1366 2824 1566 2884 τούτου
1601 2848 1662 2883 τε
1698 2824 1792 2881 καὶ
1825 2826 1926 2882 τοῦ

328 2913 719 2990 Βορυσθένεος
758 2914 1017 2990 νέμονται
1067 2915 1123 2972 οἶ
1161 2912 1400 2994 γεωργοὶ
1445 2910 1676 2976 Σκύθαι·
1729 2909 1936 2969 ἐκδιδοῖ

327 2998 391 3059 δὲ
434 3005 491 3063 ἐς
530 2999 635 3076 τὴν
674 3000 929 3077 Ὑλαίην·
969 2998 1463 3078 παραμειψάμενος
1504 2998 1565 3057 δὲ
1605 2996 1827 3073 ταύτην,
1853 3000 1932 3076 τῷ

329 3088 673 3164 Βορυσθένεϊ
740 3089 1144 3170 συμμίσγεται.
1236 3085 1440 3149 Ἕκτος
1505 3086 1566 3145 δὲ
1629 3084 1929 3163 ’Υπσῖκυρις
1945 3084 2026 3144 55

326 3173 602 3250 ποταμός·
643 3173 706 3238 ὃς
746 3174 989 3251 ὁρμᾶται
1021 3177 1128 3251 μὲν
1162 3178 1224 3233 ἐκ
1264 3174 1480 3250 λίμνης,
1517 3172 1606 3233 διὰ
1633 3172 1838 3249 «μέσων
1870 3172 1931 3233 δὲ

325 3265 439 3321 τῶν
463 3260 716 3338 νομάδων
742 3260 999 3322 Σκυθέων
1024 3261 1180 3338 ῥέων,
1209 3261 1415 3321 ἐκδιδοῖ
1437 3258 1580 3321 κατὰ
1605 3263 1930 3339 Καρκινῖτιν
