<?xml version="1.0" encoding="UTF-8"?>
<!DOCTYPE html PUBLIC "-//W3C//DTD XHTML 1.0 Transitional//EN"
    "http://www.w3.org/TR/xhtml1/DTD/xhtml1-transitional.dtd">
<html xmlns="http://www.w3.org/1999/xhtml" xml:lang="en" lang="en">
 <head>
  <title>
</title>
<meta http-equiv="Content-Type" content="text/html;charset=utf-8" />
  <meta name='ocr-system' content='tesseract 3.04.00' />
  <meta name='ocr-capabilities' content='ocr_page ocr_carea ocr_par ocr_line ocrx_word'/>
</head>
<body>
  <div class='ocr_page' id='page_1' title='image "./herodotus04blakgoog_0202.png"; bbox 0 0 2250 3500; ppageno 0'>
   <div class='ocr_carea' id='block_1_1' title="bbox 266 145 1967 3371">
    <p class='ocr_par' dir='ltr' id='par_1_1' title="bbox 266 145 1967 3371">
     <span class='ocr_line' id='line_1_1' title="bbox 358 145 1958 212; baseline -0.002 -13"><span class='ocrx_word' id='word_1_1' title='bbox 358 149 454 199; x_wconf 78' lang='lat'>186</span> <span class='ocrx_word' id='word_1_2' title='bbox 955 149 1325 199; x_wconf 71' lang='grc' dir='ltr'><strong>ἨΡΟΔΟΤΟΤ</strong></span> <span class='ocrx_word' id='word_1_3' title='bbox 1854 145 1958 212; x_wconf 85' lang='grc' dir='ltr'>[Π.</span> 
     </span>
     <span class='ocr_line' id='line_1_2' title="bbox 355 224 1961 307; baseline -0.001 -19"><span class='ocrx_word' id='word_1_4' title='bbox 355 227 418 288; x_wconf 83' lang='grc' dir='ltr'>δὲ</span> <span class='ocrx_word' id='word_1_5' title='bbox 453 227 810 288; x_wconf 78' lang='grc' dir='ltr'>οἰκισθέντων</span> <span class='ocrx_word' id='word_1_6' title='bbox 849 231 910 287; x_wconf 89' lang='grc' dir='ltr'>ἐν</span> <span class='ocrx_word' id='word_1_7' title='bbox 939 225 1221 307; x_wconf 70' lang='grc' dir='ltr'>Αἰγύπτῳ,</span> <span class='ocrx_word' id='word_1_8' title='bbox 1258 228 1312 285; x_wconf 84' lang='grc' dir='ltr'>οἱ</span> <span class='ocrx_word' id='word_1_9' title='bbox 1340 224 1626 302; x_wconf 82' lang='grc' dir='ltr'>Ἕλληνες</span> <span class='ocrx_word' id='word_1_10' title='bbox 1662 225 1807 287; x_wconf 73' lang='grc' dir='ltr'>οὕτω</span> <span class='ocrx_word' id='word_1_11' title='bbox 1846 231 1961 287; x_wconf 83' lang='grc' dir='ltr'>ἐπι-</span> 
     </span>
     <span class='ocr_line' id='line_1_3' title="bbox 353 311 1961 400; baseline 0.002 -27"><span class='ocrx_word' id='word_1_12' title='bbox 353 313 696 394; x_wconf 87' lang='grc' dir='ltr'>μισγόμενοι</span> <span class='ocrx_word' id='word_1_13' title='bbox 718 311 973 374; x_wconf 75' lang='grc' dir='ltr'>τούτοισι</span> <span class='ocrx_word' id='word_1_14' title='bbox 998 313 1070 373; x_wconf 67' lang='grc' dir='ltr'>ταῖ</span> <span class='ocrx_word' id='word_1_15' title='bbox 1095 313 1225 390; x_wconf 85' lang='grc' dir='ltr'>περὶ</span> <span class='ocrx_word' id='word_1_16' title='bbox 1246 313 1532 400; x_wconf 80' lang='grc' dir='ltr'>Αἴγυπτον</span> <span class='ocrx_word' id='word_1_17' title='bbox 1553 311 1823 393; x_wconf 86' lang='grc' dir='ltr'>γινόμενα</span> <span class='ocrx_word' id='word_1_18' title='bbox 1846 313 1961 376; x_wconf 68' lang='lat' dir='ltr'>‹in-&lt;3</span> 
     </span>
     <span class='ocr_line' id='line_1_4' title="bbox 355 399 1961 480; baseline 0 -18"><span class='ocrx_word' id='word_1_19' title='bbox 355 402 715 480; x_wconf 82' lang='grc' dir='ltr'>Ψαμμιτίχου</span> <span class='ocrx_word' id='word_1_20' title='bbox 746 401 1026 476; x_wconf 80' lang='grc' dir='ltr'>βασιλέος</span> <span class='ocrx_word' id='word_1_21' title='bbox 1057 399 1358 477; x_wconf 73' lang='grc' dir='ltr'>ἀρξάμενοι</span> <span class='ocrx_word' id='word_1_22' title='bbox 1393 399 1577 461; x_wconf 82' lang='grc' dir='ltr'>πάντα</span> <span class='ocrx_word' id='word_1_23' title='bbox 1617 401 1713 460; x_wconf 81' lang='grc' dir='ltr'>καὶ</span> <span class='ocrx_word' id='word_1_24' title='bbox 1750 400 1823 461; x_wconf 63' lang='grc' dir='ltr'>ταῖ</span> <span class='ocrx_word' id='word_1_25' title='bbox 1860 400 1961 462; x_wconf 78' lang='grc' dir='ltr'>ὕσ-</span> 
     </span>
     <span class='ocr_line' id='line_1_5' title="bbox 353 485 1963 571; baseline 0 -22"><span class='ocrx_word' id='word_1_26' title='bbox 353 513 517 567; x_wconf 87' lang='grc' dir='ltr'>τερον</span> <span class='ocrx_word' id='word_1_27' title='bbox 564 487 916 564; x_wconf 76' lang='grc' dir='ltr'>ἐπιστάμεθα</span> <span class='ocrx_word' id='word_1_28' title='bbox 958 487 1244 566; x_wconf 74' lang='grc' dir='ltr'>ἀτρεκέως·</span> <span class='ocrx_word' id='word_1_29' title='bbox 1295 491 1509 565; x_wconf 80' lang='grc' dir='ltr'>πρῶτοι</span> <span class='ocrx_word' id='word_1_30' title='bbox 1534 486 1664 571; x_wconf 48' lang='grc' dir='ltr'>,γὰρ</span> <span class='ocrx_word' id='word_1_31' title='bbox 1708 485 1862 548; x_wconf 77' lang='grc' dir='ltr'>οὗτοι</span> <span class='ocrx_word' id='word_1_32' title='bbox 1903 495 1963 550; x_wconf 89' lang='grc' dir='ltr'>ἐν</span> 
     </span>
     <span class='ocr_line' id='line_1_6' title="bbox 355 573 1962 659; baseline -0.001 -22"><span class='ocrx_word' id='word_1_33' title='bbox 355 575 621 659; x_wconf 75' lang='grc' dir='ltr'>Αἰγύπτῳ</span> <span class='ocrx_word' id='word_1_34' title='bbox 667 576 1082 659; x_wconf 79' lang='grc' dir='ltr'>ἀλλόγλωσσοι</span> <span class='ocrx_word' id='word_1_35' title='bbox 1137 575 1601 650; x_wconf 82' lang='grc' dir='ltr'>κατοικίσθησαν·</span> <span class='ocrx_word' id='word_1_36' title='bbox 1658 575 1722 644; x_wconf 80' lang='grc' dir='ltr'>ἐξ</span> <span class='ocrx_word' id='word_1_37' title='bbox 1772 573 1850 636; x_wconf 81' lang='grc' dir='ltr'>ὧν</span> <span class='ocrx_word' id='word_1_38' title='bbox 1901 576 1962 636; x_wconf 82' lang='grc' dir='ltr'>δὲ</span> 
     </span>
     <span class='ocr_line' id='line_1_7' title="bbox 277 662 1961 744; baseline -0.001 -18"><span class='ocrx_word' id='word_1_39' title='bbox 277 669 286 676; x_wconf 71' lang='grc'><strong>’</strong></span> <span class='ocrx_word' id='word_1_40' title='bbox 356 666 736 742; x_wconf 78' lang='grc' dir='ltr'>ἐξανέστησαν</span> <span class='ocrx_word' id='word_1_41' title='bbox 771 663 982 744; x_wconf 83' lang='grc' dir='ltr'>χώρων,</span> <span class='ocrx_word' id='word_1_42' title='bbox 1009 669 1068 724; x_wconf 87' lang='grc' dir='ltr'>ἐν</span> <span class='ocrx_word' id='word_1_43' title='bbox 1092 663 1346 724; x_wconf 79' lang='grc' dir='ltr'>τούτοισι</span> <span class='ocrx_word' id='word_1_44' title='bbox 1380 662 1448 738; x_wconf 74' lang='grc' dir='ltr'>δή</span> <span class='ocrx_word' id='word_1_45' title='bbox 1476 662 1537 722; x_wconf 80' lang='grc' dir='ltr'>οἶ</span> <span class='ocrx_word' id='word_1_46' title='bbox 1564 686 1631 723; x_wconf 87' lang='grc' dir='ltr'>τε</span> <span class='ocrx_word' id='word_1_47' title='bbox 1661 662 1825 722; x_wconf 76' lang='grc' dir='ltr'>ὁλκοὶ</span> <span class='ocrx_word' id='word_1_48' title='bbox 1850 667 1961 724; x_wconf 75' lang='grc' dir='ltr'>τῶν</span> 
     </span>
     <span class='ocr_line' id='line_1_8' title="bbox 353 749 1961 830; baseline -0.001 -17"><span class='ocrx_word' id='word_1_49' title='bbox 353 757 490 814; x_wconf 84' lang='grc' dir='ltr'>νεῶν</span> <span class='ocrx_word' id='word_1_50' title='bbox 531 755 623 813; x_wconf 86' lang='grc' dir='ltr'>καὶ</span> <span class='ocrx_word' id='word_1_51' title='bbox 661 753 732 814; x_wconf 74' lang='grc' dir='ltr'>τὰ</span> <span class='ocrx_word' id='word_1_52' title='bbox 774 753 986 829; x_wconf 87' lang='grc' dir='ltr'>ἐρείπια</span> <span class='ocrx_word' id='word_1_53' title='bbox 1022 754 1135 811; x_wconf 79' lang='grc' dir='ltr'>τῶν</span> <span class='ocrx_word' id='word_1_54' title='bbox 1170 749 1483 828; x_wconf 80' lang='grc' dir='ltr'>οἰκημάτων</span> <span class='ocrx_word' id='word_1_55' title='bbox 1514 749 1582 811; x_wconf 71' lang='grc' dir='ltr'>τὰ</span> <span class='ocrx_word' id='word_1_56' title='bbox 1620 750 1791 830; x_wconf 89' lang='grc' dir='ltr'>μέχρι</span> <span class='ocrx_word' id='word_1_57' title='bbox 1829 755 1961 828; x_wconf 79' lang='grc' dir='ltr'>ἐμεῦ</span> 
     </span>
     <span class='ocr_line' id='line_1_9' title="bbox 354 837 1957 919; baseline -0.002 -18"><span class='ocrx_word' id='word_1_58' title='bbox 354 840 522 917; x_wconf 83' lang='grc' dir='ltr'>ἦσαν.</span> <span class='ocrx_word' id='word_1_59' title='bbox 575 841 931 919; x_wconf 82' lang='grc' dir='ltr'>Ψαμμίτιχος</span> <span class='ocrx_word' id='word_1_60' title='bbox 955 839 1060 916; x_wconf 90' lang='grc' dir='ltr'>μέν</span> <span class='ocrx_word' id='word_1_61' title='bbox 1085 863 1182 899; x_wconf 86' lang='grc' dir='ltr'>νυν</span> <span class='ocrx_word' id='word_1_62' title='bbox 1208 837 1349 899; x_wconf 78' lang='grc' dir='ltr'>οὕτω</span> <span class='ocrx_word' id='word_1_63' title='bbox 1370 838 1507 916; x_wconf 84' lang='grc' dir='ltr'>ἔσχε</span> <span class='ocrx_word' id='word_1_64' title='bbox 1529 837 1633 914; x_wconf 80' lang='grc' dir='ltr'>τὴν</span> <span class='ocrx_word' id='word_1_65' title='bbox 1652 839 1957 918; x_wconf 83' lang='grc' dir='ltr'>Αἴγυπτον.</span> 
     </span>
     <span class='ocr_line' id='line_1_10' title="bbox 266 923 1959 1006; baseline -0.002 -17"><span class='ocrx_word' id='word_1_66' title='bbox 266 931 380 989; x_wconf 82' lang='lat'>155</span> <span class='ocrx_word' id='word_1_67' title='bbox 443 932 556 988; x_wconf 83' lang='grc' dir='ltr'>Τοῦ</span> <span class='ocrx_word' id='word_1_68' title='bbox 595 928 656 987; x_wconf 85' lang='grc' dir='ltr'>δὲ</span> <span class='ocrx_word' id='word_1_69' title='bbox 694 928 1042 1006; x_wconf 83' lang='grc' dir='ltr'>χρηστηρίου</span> <span class='ocrx_word' id='word_1_70' title='bbox 1080 930 1183 986; x_wconf 81' lang='grc' dir='ltr'>τοῦ</span> <span class='ocrx_word' id='word_1_71' title='bbox 1218 930 1277 987; x_wconf 90' lang='grc' dir='ltr'>ἐν</span> <span class='ocrx_word' id='word_1_72' title='bbox 1309 926 1575 1006; x_wconf 77' lang='grc' dir='ltr'>Αἰγύπτῳ</span> <span class='ocrx_word' id='word_1_73' title='bbox 1605 923 1803 984; x_wconf 82' lang='grc' dir='ltr'>πολλοὶ</span> <span class='ocrx_word' id='word_1_74' title='bbox 1837 930 1959 985; x_wconf 87' lang='grc' dir='ltr'>ἐπε·-</span> 
     </span>
     <span class='ocr_line' id='line_1_11' title="bbox 353 1011 1961 1095; baseline -0.002 -20"><span class='ocrx_word' id='word_1_75' title='bbox 353 1015 615 1092; x_wconf 83' lang='grc' dir='ltr'>μνήσθην</span> <span class='ocrx_word' id='word_1_76' title='bbox 661 1015 784 1091; x_wconf 83' lang='grc' dir='ltr'>ἤδη,</span> <span class='ocrx_word' id='word_1_77' title='bbox 831 1015 924 1073; x_wconf 83' lang='grc' dir='ltr'>καὶ</span> <span class='ocrx_word' id='word_1_78' title='bbox 971 1013 1040 1090; x_wconf 79' lang='grc' dir='ltr'>δὴ</span> <span class='ocrx_word' id='word_1_79' title='bbox 1083 1013 1262 1095; x_wconf 86' lang='grc' dir='ltr'>λόγον</span> <span class='ocrx_word' id='word_1_80' title='bbox 1304 1013 1435 1090; x_wconf 83' lang='grc' dir='ltr'>περὶ</span> <span class='ocrx_word' id='word_1_81' title='bbox 1478 1011 1650 1073; x_wconf 73' lang='grc' dir='ltr'>αὐτοῦ</span> <span class='ocrx_word' id='word_1_82' title='bbox 1692 1012 1764 1076; x_wconf 77' lang='grc' dir='ltr'>ὦς</span> <span class='ocrx_word' id='word_1_83' title='bbox 1802 1011 1961 1082; x_wconf 78' lang='grc' dir='ltr'>ἆξίου</span> 
     </span>
     <span class='ocr_line' id='line_1_12' title="bbox 358 1099 1959 1181; baseline -0.002 -19"><span class='ocrx_word' id='word_1_84' title='bbox 358 1101 542 1165; x_wconf 82' lang='grc' dir='ltr'>ἐόντος</span> <span class='ocrx_word' id='word_1_85' title='bbox 575 1102 907 1178; x_wconf 89' lang='grc' dir='ltr'>ποιήσομαι.</span> <span class='ocrx_word' id='word_1_86' title='bbox 975 1101 1042 1162; x_wconf 79' lang='grc' dir='ltr'><em>τό</em></span> <span class='ocrx_word' id='word_1_87' title='bbox 1075 1099 1187 1181; x_wconf 76' lang='grc' dir='ltr'>γὰρ</span> <span class='ocrx_word' id='word_1_88' title='bbox 1223 1100 1571 1179; x_wconf 86' lang='grc' dir='ltr'>χρηστήριον</span> <span class='ocrx_word' id='word_1_89' title='bbox 1600 1104 1769 1160; x_wconf 81' lang='grc' dir='ltr'>τοῦτο</span> <span class='ocrx_word' id='word_1_90' title='bbox 1801 1099 1868 1160; x_wconf 82' lang='grc' dir='ltr'><strong><em>τό</em></strong></span> <span class='ocrx_word' id='word_1_91' title='bbox 1900 1105 1959 1160; x_wconf 86' lang='grc' dir='ltr'>ἐν</span> 
     </span>
     <span class='ocr_line' id='line_1_13' title="bbox 357 1187 1959 1269; baseline -0.001 -21"><span class='ocrx_word' id='word_1_92' title='bbox 357 1189 620 1269; x_wconf 75' lang='grc' dir='ltr'>Αἰγύπτῳ</span> <span class='ocrx_word' id='word_1_93' title='bbox 653 1190 776 1249; x_wconf 81' lang='grc' dir='ltr'>ἔστι</span> <span class='ocrx_word' id='word_1_94' title='bbox 807 1191 912 1267; x_wconf 77' lang='grc' dir='ltr'>μὲν</span> <span class='ocrx_word' id='word_1_95' title='bbox 945 1191 1166 1264; x_wconf 77' lang='grc' dir='ltr'>Λητοῦς</span> <span class='ocrx_word' id='word_1_96' title='bbox 1198 1189 1334 1265; x_wconf 80' lang='grc' dir='ltr'>ἶρὸν,</span> <span class='ocrx_word' id='word_1_97' title='bbox 1369 1192 1428 1248; x_wconf 88' lang='grc' dir='ltr'>ἐν</span> <span class='ocrx_word' id='word_1_98' title='bbox 1457 1187 1595 1248; x_wconf 87' lang='grc' dir='ltr'>πόλι</span> <span class='ocrx_word' id='word_1_99' title='bbox 1636 1188 1697 1247; x_wconf 84' lang='grc' dir='ltr'>δὲ</span> <span class='ocrx_word' id='word_1_100' title='bbox 1733 1187 1959 1269; x_wconf 81' lang='grc' dir='ltr'>μεγάλῃ</span> 
     </span>
     <span class='ocr_line' id='line_1_14' title="bbox 360 1275 1959 1355; baseline -0.001 -18"><span class='ocrx_word' id='word_1_101' title='bbox 360 1277 656 1355; x_wconf 76' lang='grc' dir='ltr'>ἱδρυμένον</span> <span class='ocrx_word' id='word_1_102' title='bbox 683 1278 825 1338; x_wconf 78' lang='grc' dir='ltr'>κατὰ</span> <span class='ocrx_word' id='word_1_103' title='bbox 856 1277 922 1338; x_wconf 79' lang='grc' dir='ltr'>τό</span> <span class='ocrx_word' id='word_1_104' title='bbox 966 1277 1366 1353; x_wconf 77' lang='grc' dir='ltr'>Σεβεννυτικόν</span> <span class='ocrx_word' id='word_1_105' title='bbox 1400 1275 1739 1354; x_wconf 84' lang='grc' dir='ltr'>καλεόμενον</span> <span class='ocrx_word' id='word_1_106' title='bbox 1769 1275 1959 1354; x_wconf 86' lang='grc' dir='ltr'>στόμα</span> 
     </span>
     <span class='ocr_line' id='line_1_15' title="bbox 356 1359 1959 1441; baseline -0.002 -16"><span class='ocrx_word' id='word_1_107' title='bbox 356 1368 458 1426; x_wconf 78' lang='grc' dir='ltr'>τοῦ</span> <span class='ocrx_word' id='word_1_108' title='bbox 485 1366 717 1437; x_wconf 88' lang='grc' dir='ltr'>Νείλου,</span> <span class='ocrx_word' id='word_1_109' title='bbox 747 1359 1082 1426; x_wconf 73' lang='grc' dir='ltr'>ἀναπλέοντι</span> <span class='ocrx_word' id='word_1_110' title='bbox 1107 1362 1223 1424; x_wconf 80' lang='grc' dir='ltr'>α’πό</span> <span class='ocrx_word' id='word_1_111' title='bbox 1252 1362 1553 1440; x_wconf 76' lang='grc' dir='ltr'>θαλάσσης</span> <span class='ocrx_word' id='word_1_112' title='bbox 1578 1360 1707 1423; x_wconf 77' lang='grc' dir='ltr'>ἅνω·</span> <span class='ocrx_word' id='word_1_113' title='bbox 1748 1362 1959 1441; x_wconf 77' lang='grc' dir='ltr'>οὕνομα</span> 
     </span>
     <span class='ocr_line' id='line_1_16' title="bbox 358 1449 1956 1534; baseline -0.003 -20"><span class='ocrx_word' id='word_1_114' title='bbox 358 1454 418 1514; x_wconf 75' lang='grc' dir='ltr'>δὲ</span> <span class='ocrx_word' id='word_1_115' title='bbox 451 1458 524 1533; x_wconf 82' lang='grc' dir='ltr'>τῇ</span> <span class='ocrx_word' id='word_1_116' title='bbox 549 1454 688 1529; x_wconf 85' lang='grc' dir='ltr'>πόλι</span> <span class='ocrx_word' id='word_1_117' title='bbox 725 1453 898 1534; x_wconf 84' lang='grc' dir='ltr'>ταύτῃ</span> <span class='ocrx_word' id='word_1_118' title='bbox 925 1453 1058 1513; x_wconf 82' lang='grc' dir='ltr'>ὅκου</span> <span class='ocrx_word' id='word_1_119' title='bbox 1092 1450 1159 1512; x_wconf 76' lang='grc' dir='ltr'>τό</span> <span class='ocrx_word' id='word_1_120' title='bbox 1193 1449 1541 1531; x_wconf 82' lang='grc' dir='ltr'>χρηστήριόν</span> <span class='ocrx_word' id='word_1_121' title='bbox 1578 1455 1719 1520; x_wconf 88' lang='grc' dir='ltr'>ἐστι,</span> <span class='ocrx_word' id='word_1_122' title='bbox 1746 1451 1956 1521; x_wconf 76' lang='grc' dir='ltr'>Βουτῶ,</span> 
     </span>
     <span class='ocr_line' id='line_1_17' title="bbox 359 1538 1959 1619; baseline -0.002 -18"><span class='ocrx_word' id='word_1_123' title='bbox 359 1541 432 1605; x_wconf 76' lang='grc' dir='ltr'>ὥς</span> <span class='ocrx_word' id='word_1_124' title='bbox 459 1542 550 1600; x_wconf 84' lang='grc' dir='ltr'>καὶ</span> <span class='ocrx_word' id='word_1_125' title='bbox 582 1541 852 1619; x_wconf 88' lang='grc' dir='ltr'>πρότερον</span> <span class='ocrx_word' id='word_1_126' title='bbox 880 1540 1232 1618; x_wconf 79' lang='grc' dir='ltr'>οὗνόμασταί</span> <span class='ocrx_word' id='word_1_127' title='bbox 1252 1564 1371 1616; x_wconf 92' lang='grc' dir='ltr'>μοι·</span> <span class='ocrx_word' id='word_1_128' title='bbox 1414 1538 1534 1616; x_wconf 78' lang='grc' dir='ltr'>ἶρόν</span> <span class='ocrx_word' id='word_1_129' title='bbox 1561 1538 1623 1599; x_wconf 87' lang='grc' dir='ltr'>δέ</span> <span class='ocrx_word' id='word_1_130' title='bbox 1654 1543 1777 1599; x_wconf 87' lang='grc' dir='ltr'>ἐστι</span> <span class='ocrx_word' id='word_1_131' title='bbox 1804 1543 1863 1599; x_wconf 89' lang='grc' dir='ltr'>ἐν</span> <span class='ocrx_word' id='word_1_132' title='bbox 1886 1541 1959 1618; x_wconf 73' lang='grc' dir='ltr'>τῇ</span> 
     </span>
     <span class='ocr_line' id='line_1_18' title="bbox 359 1625 1960 1706; baseline -0.001 -18"><span class='ocrx_word' id='word_1_133' title='bbox 359 1633 566 1688; x_wconf 81' lang='grc' dir='ltr'>Βουτοῖ</span> <span class='ocrx_word' id='word_1_134' title='bbox 595 1629 770 1706; x_wconf 83' lang='grc' dir='ltr'>ταύτῃ</span> <span class='ocrx_word' id='word_1_135' title='bbox 802 1629 1165 1690; x_wconf 83' lang='grc' dir='ltr'>’Λπόλλωνος</span> <span class='ocrx_word' id='word_1_136' title='bbox 1199 1627 1291 1687; x_wconf 86' lang='grc' dir='ltr'>καὶ</span> <span class='ocrx_word' id='word_1_137' title='bbox 1321 1625 1663 1704; x_wconf 84' lang='grc' dir='ltr'>Ἀρτέμιδος·</span> <span class='ocrx_word' id='word_1_138' title='bbox 1706 1625 1799 1684; x_wconf 86' lang='grc' dir='ltr'>καὶ</span> <span class='ocrx_word' id='word_1_139' title='bbox 1828 1625 1861 1686; x_wconf 81' lang='grc' dir='ltr'>ὅ</span> <span class='ocrx_word' id='word_1_140' title='bbox 1892 1651 1960 1706; x_wconf 88' lang='grc' dir='ltr'>γε</span> 
     </span>
     <span class='ocr_line' id='line_1_19' title="bbox 357 1711 1960 1794; baseline 0.001 -19"><span class='ocrx_word' id='word_1_141' title='bbox 357 1714 488 1791; x_wconf 81' lang='grc' dir='ltr'>νηός</span> <span class='ocrx_word' id='word_1_142' title='bbox 521 1719 622 1793; x_wconf 85' lang='grc' dir='ltr'>τῆς</span> <span class='ocrx_word' id='word_1_143' title='bbox 648 1719 884 1791; x_wconf 81' lang='grc' dir='ltr'>Λητοῦς,</span> <span class='ocrx_word' id='word_1_144' title='bbox 911 1721 971 1775; x_wconf 86' lang='grc' dir='ltr'>ἐν</span> <span class='ocrx_word' id='word_1_145' title='bbox 999 1719 1078 1793; x_wconf 76' lang='grc' dir='ltr'>τῷ</span> <span class='ocrx_word' id='word_1_146' title='bbox 1103 1714 1173 1791; x_wconf 80' lang='grc' dir='ltr'>δὴ</span> <span class='ocrx_word' id='word_1_147' title='bbox 1200 1713 1267 1774; x_wconf 78' lang='grc' dir='ltr'>τὸ</span> <span class='ocrx_word' id='word_1_148' title='bbox 1300 1713 1647 1794; x_wconf 85' lang='grc' dir='ltr'>χρηστήριον</span> <span class='ocrx_word' id='word_1_149' title='bbox 1674 1714 1767 1785; x_wconf 79' lang='grc' dir='ltr'>ἔνι,</span> <span class='ocrx_word' id='word_1_150' title='bbox 1795 1711 1960 1777; x_wconf 77' lang='grc' dir='ltr'>αὐτός</span> 
     </span>
     <span class='ocr_line' id='line_1_20' title="bbox 356 1801 1959 1884; baseline 0.001 -21"><span class='ocrx_word' id='word_1_151' title='bbox 356 1828 420 1863; x_wconf 90' lang='grc' dir='ltr'>τε</span> <span class='ocrx_word' id='word_1_152' title='bbox 459 1802 721 1883; x_wconf 79' lang='grc' dir='ltr'>τυγχάνει</span> <span class='ocrx_word' id='word_1_153' title='bbox 766 1802 868 1863; x_wconf 77' lang='grc' dir='ltr'>ἐών</span> <span class='ocrx_word' id='word_1_154' title='bbox 907 1803 1085 1884; x_wconf 83' lang='grc' dir='ltr'>μέγας</span> <span class='ocrx_word' id='word_1_155' title='bbox 1128 1803 1221 1861; x_wconf 84' lang='grc' dir='ltr'>καὶ</span> <span class='ocrx_word' id='word_1_156' title='bbox 1262 1802 1335 1863; x_wconf 75' lang='grc' dir='ltr'>τὰ</span> <span class='ocrx_word' id='word_1_157' title='bbox 1374 1801 1703 1879; x_wconf 74' lang='grc' dir='ltr'>προπύλαια</span> <span class='ocrx_word' id='word_1_158' title='bbox 1749 1803 1864 1881; x_wconf 86' lang='grc' dir='ltr'>ἔχει</span> <span class='ocrx_word' id='word_1_159' title='bbox 1904 1807 1959 1866; x_wconf 85' lang='grc' dir='ltr'>ἐς</span> 
     </span>
     <span class='ocr_line' id='line_1_21' title="bbox 357 1889 1960 1971; baseline -0.001 -21"><span class='ocrx_word' id='word_1_160' title='bbox 357 1889 497 1969; x_wconf 81' lang='grc' dir='ltr'>ὕψος</span> <span class='ocrx_word' id='word_1_161' title='bbox 532 1889 664 1949; x_wconf 85' lang='grc' dir='ltr'>δέκα</span> <span class='ocrx_word' id='word_1_162' title='bbox 700 1889 981 1971; x_wconf 78' lang='grc' dir='ltr'>ὀργυιέων·</span> <span class='ocrx_word' id='word_1_163' title='bbox 1021 1889 1088 1949; x_wconf 77' lang='grc' dir='ltr'>τὰ</span> <span class='ocrx_word' id='word_1_164' title='bbox 1121 1890 1185 1949; x_wconf 87' lang='grc' dir='ltr'>δέ</span> <span class='ocrx_word' id='word_1_165' title='bbox 1214 1914 1314 1967; x_wconf 92' lang='grc' dir='ltr'>μοι</span> <span class='ocrx_word' id='word_1_166' title='bbox 1347 1894 1458 1950; x_wconf 77' lang='grc' dir='ltr'>τῶν</span> <span class='ocrx_word' id='word_1_167' title='bbox 1484 1893 1741 1968; x_wconf 79' lang='grc' dir='ltr'>φανερῶν</span> <span class='ocrx_word' id='word_1_168' title='bbox 1766 1892 1960 1966; x_wconf 81' lang='grc' dir='ltr'>θῶυμα</span> 
     </span>
     <span class='ocr_line' id='line_1_22' title="bbox 356 1977 1959 2060; baseline -0.002 -22"><span class='ocrx_word' id='word_1_169' title='bbox 356 1979 630 2060; x_wconf 89' lang='grc' dir='ltr'>μέγιστον</span> <span class='ocrx_word' id='word_1_170' title='bbox 669 1978 1052 2059; x_wconf 87' lang='grc' dir='ltr'>παρεχόμενον</span> <span class='ocrx_word' id='word_1_171' title='bbox 1093 1977 1316 2054; x_wconf 82' lang='grc' dir='ltr'>φράσω·</span> <span class='ocrx_word' id='word_1_172' title='bbox 1373 1978 1496 2038; x_wconf 79' lang='grc' dir='ltr'>ἔστι</span> <span class='ocrx_word' id='word_1_173' title='bbox 1535 1983 1595 2038; x_wconf 89' lang='grc' dir='ltr'>ἐν</span> <span class='ocrx_word' id='word_1_174' title='bbox 1630 1982 1709 2057; x_wconf 56' lang='grc' dir='ltr'>τῷ</span> <span class='ocrx_word' id='word_1_175' title='bbox 1744 1978 1959 2055; x_wconf 79' lang='grc' dir='ltr'>τεμένεϊ</span> 
     </span>
     <span class='ocr_line' id='line_1_23' title="bbox 357 2065 1958 2148; baseline -0.002 -19"><span class='ocrx_word' id='word_1_176' title='bbox 357 2067 532 2148; x_wconf 78' lang='grc' dir='ltr'>τούτῳ</span> <span class='ocrx_word' id='word_1_177' title='bbox 571 2072 791 2144; x_wconf 83' lang='grc' dir='ltr'>Λητοῦς</span> <span class='ocrx_word' id='word_1_178' title='bbox 823 2067 952 2143; x_wconf 78' lang='grc' dir='ltr'>νηός</span> <span class='ocrx_word' id='word_1_179' title='bbox 979 2066 1042 2137; x_wconf 82' lang='grc' dir='ltr'>ἐξ</span> <span class='ocrx_word' id='word_1_180' title='bbox 1077 2066 1196 2130; x_wconf 77' lang='grc' dir='ltr'>ἑνὸς</span> <span class='ocrx_word' id='word_1_181' title='bbox 1222 2066 1387 2126; x_wconf 87' lang='grc' dir='ltr'>λίθου</span> <span class='ocrx_word' id='word_1_182' title='bbox 1418 2065 1788 2142; x_wconf 81' lang='grc' dir='ltr'>πεποιημένος</span> <span class='ocrx_word' id='word_1_183' title='bbox 1814 2067 1869 2129; x_wconf 85' lang='grc' dir='ltr'>ἔς</span> <span class='ocrx_word' id='word_1_184' title='bbox 1897 2091 1958 2125; x_wconf 88' lang='grc' dir='ltr'>τε</span> 
     </span>
     <span class='ocr_line' id='line_1_24' title="bbox 357 2153 1958 2235; baseline -0.002 -20"><span class='ocrx_word' id='word_1_185' title='bbox 357 2155 500 2235; x_wconf 83' lang='grc' dir='ltr'>ὕψος</span> <span class='ocrx_word' id='word_1_186' title='bbox 547 2157 639 2215; x_wconf 86' lang='grc' dir='ltr'>καὶ</span> <span class='ocrx_word' id='word_1_187' title='bbox 687 2162 742 2220; x_wconf 85' lang='grc' dir='ltr'>ἐς</span> <span class='ocrx_word' id='word_1_188' title='bbox 787 2159 983 2232; x_wconf 88' lang='grc' dir='ltr'>μῆκος·</span> <span class='ocrx_word' id='word_1_189' title='bbox 1039 2155 1133 2214; x_wconf 87' lang='grc' dir='ltr'>καὶ</span> <span class='ocrx_word' id='word_1_190' title='bbox 1178 2157 1369 2232; x_wconf 81' lang='grc' dir='ltr'>τοῖχος</span> <span class='ocrx_word' id='word_1_191' title='bbox 1421 2154 1657 2217; x_wconf 81' lang='grc' dir='ltr'>ἕκαστος</span> <span class='ocrx_word' id='word_1_192' title='bbox 1706 2153 1958 2214; x_wconf 80' lang='grc' dir='ltr'>τούτοισι</span> 
     </span>
     <span class='ocr_line' id='line_1_25' title="bbox 361 2240 1956 2322; baseline -0.001 -21"><span class='ocrx_word' id='word_1_193' title='bbox 361 2244 504 2307; x_wconf 86' lang='grc' dir='ltr'>ἴσος·</span> <span class='ocrx_word' id='word_1_194' title='bbox 556 2242 974 2321; x_wconf 76' lang='grc' dir='ltr'>τεσσεράκοντα</span> <span class='ocrx_word' id='word_1_195' title='bbox 1013 2242 1237 2322; x_wconf 84' lang='grc' dir='ltr'>πήχεων</span> <span class='ocrx_word' id='word_1_196' title='bbox 1280 2241 1489 2303; x_wconf 80' lang='grc' dir='ltr'>τούτων</span> <span class='ocrx_word' id='word_1_197' title='bbox 1536 2240 1777 2303; x_wconf 80' lang='grc' dir='ltr'>ἕκαστόν</span> <span class='ocrx_word' id='word_1_198' title='bbox 1816 2246 1956 2302; x_wconf 87' lang='grc' dir='ltr'>ἐστι·</span> 
     </span>
     <span class='ocr_line' id='line_1_26' title="bbox 359 2328 1960 2411; baseline -0.002 -21"><span class='ocrx_word' id='word_1_199' title='bbox 359 2329 428 2390; x_wconf 73' lang='grc' dir='ltr'>τὰ</span> <span class='ocrx_word' id='word_1_200' title='bbox 471 2331 530 2390; x_wconf 85' lang='grc' dir='ltr'>δὲ</span> <span class='ocrx_word' id='word_1_201' title='bbox 577 2331 1020 2411; x_wconf 85' lang='grc' dir='ltr'>καταστέγασμα</span> <span class='ocrx_word' id='word_1_202' title='bbox 1063 2335 1165 2407; x_wconf 77' lang='grc' dir='ltr'>τῆς</span> <span class='ocrx_word' id='word_1_203' title='bbox 1206 2330 1421 2407; x_wconf 82' lang='grc' dir='ltr'>ὀροφῆς</span> <span class='ocrx_word' id='word_1_204' title='bbox 1462 2328 1641 2393; x_wconf 77' lang='grc' dir='ltr'>ἄλλος</span> <span class='ocrx_word' id='word_1_205' title='bbox 1686 2330 1960 2389; x_wconf 77' lang='grc' dir='ltr'>ἐπικέεται</span> 
     </span>
     <span class='ocr_line' id='line_1_27' title="bbox 269 2416 1959 2497; baseline 0.001 -22"><span class='ocrx_word' id='word_1_206' title='bbox 269 2419 382 2475; x_wconf 87' lang='grc'>156</span> <span class='ocrx_word' id='word_1_207' title='bbox 401 2417 574 2486; x_wconf 87' lang='grc' dir='ltr'>λίθος,</span> <span class='ocrx_word' id='word_1_208' title='bbox 619 2420 758 2495; x_wconf 81' lang='grc' dir='ltr'>ἔχων</span> <span class='ocrx_word' id='word_1_209' title='bbox 796 2418 901 2492; x_wconf 83' lang='grc' dir='ltr'>τήν</span> <span class='ocrx_word' id='word_1_210' title='bbox 941 2418 1309 2497; x_wconf 83' lang='grc' dir='ltr'>παρωροφίδα</span> <span class='ocrx_word' id='word_1_211' title='bbox 1346 2416 1715 2497; x_wconf 80' lang='grc' dir='ltr'>τετράπηχυν.</span> <span class='ocrx_word' id='word_1_212' title='bbox 1798 2416 1959 2477; x_wconf 74' lang='grc' dir='ltr'>Οὕτω</span> 
     </span>
     <span class='ocr_line' id='line_1_28' title="bbox 359 2502 1959 2582; baseline 0.003 -21"><span class='ocrx_word' id='word_1_213' title='bbox 359 2504 464 2580; x_wconf 91' lang='grc' dir='ltr'>μέν</span> <span class='ocrx_word' id='word_1_214' title='bbox 491 2529 586 2563; x_wconf 89' lang='grc' dir='ltr'>νυν</span> <span class='ocrx_word' id='word_1_215' title='bbox 617 2502 648 2563; x_wconf 80' lang='grc' dir='ltr'>ὁ</span> <span class='ocrx_word' id='word_1_216' title='bbox 681 2504 811 2579; x_wconf 82' lang='grc' dir='ltr'>νηός</span> <span class='ocrx_word' id='word_1_217' title='bbox 839 2508 950 2564; x_wconf 78' lang='grc' dir='ltr'>τῶν</span> <span class='ocrx_word' id='word_1_218' title='bbox 978 2510 1233 2582; x_wconf 78' lang='grc' dir='ltr'>φανερῶν</span> <span class='ocrx_word' id='word_1_219' title='bbox 1264 2532 1363 2581; x_wconf 90' lang='grc' dir='ltr'>μοι</span> <span class='ocrx_word' id='word_1_220' title='bbox 1398 2510 1509 2566; x_wconf 74' lang='grc' dir='ltr'>τῶν</span> <span class='ocrx_word' id='word_1_221' title='bbox 1534 2506 1662 2581; x_wconf 86' lang='grc' dir='ltr'>περὶ</span> <span class='ocrx_word' id='word_1_222' title='bbox 1692 2507 1861 2564; x_wconf 79' lang='grc' dir='ltr'>τοῦτο</span> <span class='ocrx_word' id='word_1_223' title='bbox 1891 2504 1959 2565; x_wconf 79' lang='grc' dir='ltr'><em>τό</em></span> 
     </span>
     <span class='ocr_line' id='line_1_29' title="bbox 363 2590 1960 2670; baseline 0.001 -20"><span class='ocrx_word' id='word_1_224' title='bbox 363 2590 481 2667; x_wconf 79' lang='grc' dir='ltr'>ἱρόν</span> <span class='ocrx_word' id='word_1_225' title='bbox 513 2595 638 2651; x_wconf 83' lang='grc' dir='ltr'>ἐστι</span> <span class='ocrx_word' id='word_1_226' title='bbox 670 2591 1155 2668; x_wconf 84' lang='grc' dir='ltr'>θωυμαστότατον,</span> <span class='ocrx_word' id='word_1_227' title='bbox 1182 2598 1293 2654; x_wconf 78' lang='grc' dir='ltr'>τῶν</span> <span class='ocrx_word' id='word_1_228' title='bbox 1329 2593 1390 2653; x_wconf 81' lang='grc' dir='ltr'>δὲ</span> <span class='ocrx_word' id='word_1_229' title='bbox 1424 2594 1687 2670; x_wconf 84' lang='grc' dir='ltr'>δευτέρων</span> <span class='ocrx_word' id='word_1_230' title='bbox 1713 2596 1887 2667; x_wconf 87' lang='grc' dir='ltr'>νῆσος</span> <span class='ocrx_word' id='word_1_231' title='bbox 1920 2592 1960 2667; x_wconf 79' lang='grc' dir='ltr'><strong><em>ἡ</em></strong></span> 
     </span>
     <span class='ocr_line' id='line_1_30' title="bbox 362 2679 1961 2759; baseline -0.001 -20"><span class='ocrx_word' id='word_1_232' title='bbox 362 2679 583 2757; x_wconf 87' lang='grc' dir='ltr'>Χέμμις</span> <span class='ocrx_word' id='word_1_233' title='bbox 622 2681 952 2757; x_wconf 87' lang='grc' dir='ltr'>καλευμένη.</span> <span class='ocrx_word' id='word_1_234' title='bbox 1035 2680 1159 2741; x_wconf 76' lang='grc' dir='ltr'>ἔστι</span> <span class='ocrx_word' id='word_1_235' title='bbox 1192 2682 1297 2758; x_wconf 79' lang='grc' dir='ltr'>μὲν</span> <span class='ocrx_word' id='word_1_236' title='bbox 1337 2685 1396 2740; x_wconf 87' lang='grc' dir='ltr'>ἐν</span> <span class='ocrx_word' id='word_1_237' title='bbox 1430 2681 1603 2759; x_wconf 80' lang='grc' dir='ltr'>λίμνῃ</span> <span class='ocrx_word' id='word_1_238' title='bbox 1638 2680 1827 2757; x_wconf 83' lang='grc' dir='ltr'>βαθέῃ</span> <span class='ocrx_word' id='word_1_239' title='bbox 1867 2681 1961 2738; x_wconf 83' lang='grc' dir='ltr'>καὶ</span> 
     </span>
     <span class='ocr_line' id='line_1_31' title="bbox 360 2766 1963 2849; baseline 0 -24"><span class='ocrx_word' id='word_1_240' title='bbox 360 2768 578 2847; x_wconf 81' lang='grc' dir='ltr'>πλατέῃ</span> <span class='ocrx_word' id='word_1_241' title='bbox 605 2768 826 2846; x_wconf 86' lang='grc' dir='ltr'>κειμένη</span> <span class='ocrx_word' id='word_1_242' title='bbox 853 2766 1008 2845; x_wconf 66' lang='grc' dir='ltr'>παρὰ</span> <span class='ocrx_word' id='word_1_243' title='bbox 1037 2768 1104 2849; x_wconf 70' lang='grc' dir='ltr'>τὰ</span> <span class='ocrx_word' id='word_1_244' title='bbox 1143 2773 1201 2828; x_wconf 91' lang='grc' dir='ltr'>ἐν</span> <span class='ocrx_word' id='word_1_245' title='bbox 1232 2770 1441 2827; x_wconf 81' lang='grc' dir='ltr'>Βουτοῖ</span> <span class='ocrx_word' id='word_1_246' title='bbox 1476 2767 1611 2845; x_wconf 82' lang='grc' dir='ltr'>ῑρόν,</span> <span class='ocrx_word' id='word_1_247' title='bbox 1626 2768 1865 2848; x_wconf 65' lang='grc' dir='ltr'>’λέγεται</span> <span class='ocrx_word' id='word_1_248' title='bbox 1898 2766 1963 2826; x_wconf 80' lang='grc' dir='ltr'>δὲ</span> 
     </span>
     <span class='ocr_line' id='line_1_32' title="bbox 360 2853 1963 2937; baseline 0.001 -23"><span class='ocrx_word' id='word_1_249' title='bbox 360 2854 453 2914; x_wconf 74' lang='grc' dir='ltr'>ὕπ’</span> <span class='ocrx_word' id='word_1_250' title='bbox 481 2858 795 2937; x_wconf 78' lang='grc' dir='ltr'>Αἰγυπτίων</span> <span class='ocrx_word' id='word_1_251' title='bbox 823 2856 960 2915; x_wconf 83' lang='grc' dir='ltr'>εἶναι</span> <span class='ocrx_word' id='word_1_252' title='bbox 985 2854 1127 2931; x_wconf 78' lang='grc' dir='ltr'>αὕτη</span> <span class='ocrx_word' id='word_1_253' title='bbox 1153 2854 1189 2931; x_wconf 79' lang='grc' dir='ltr'><em>ἦ</em></span> <span class='ocrx_word' id='word_1_254' title='bbox 1217 2859 1390 2931; x_wconf 83' lang='grc' dir='ltr'>νῆσος</span> <span class='ocrx_word' id='word_1_255' title='bbox 1414 2854 1631 2931; x_wconf 84' lang='grc' dir='ltr'>πλωτή·</span> <span class='ocrx_word' id='word_1_256' title='bbox 1668 2853 1833 2918; x_wconf 81' lang='grc' dir='ltr'>αὗτός</span> <span class='ocrx_word' id='word_1_257' title='bbox 1856 2856 1963 2931; x_wconf 74' lang='grc' dir='ltr'>μὲν</span> 
     </span>
     <span class='ocr_line' id='line_1_33' title="bbox 363 2940 1963 3021; baseline 0.001 -21"><span class='ocrx_word' id='word_1_258' title='bbox 363 2942 534 3021; x_wconf 85' lang='grc' dir='ltr'>ἔγωγε</span> <span class='ocrx_word' id='word_1_259' title='bbox 568 2941 692 3003; x_wconf 75' lang='grc' dir='ltr'>οὔτε</span> <span class='ocrx_word' id='word_1_260' title='bbox 729 2944 1016 3003; x_wconf 85' lang='grc' dir='ltr'>πλέουσαν</span> <span class='ocrx_word' id='word_1_261' title='bbox 1057 2940 1184 3002; x_wconf 77' lang='grc' dir='ltr'>οὔτε</span> <span class='ocrx_word' id='word_1_262' title='bbox 1222 2944 1542 3018; x_wconf 81' lang='grc' dir='ltr'>κινηθεῖσαν</span> <span class='ocrx_word' id='word_1_263' title='bbox 1575 2944 1712 3013; x_wconf 81' lang='grc' dir='ltr'>ἴδον,</span> <span class='ocrx_word' id='word_1_264' title='bbox 1741 2943 1963 3018; x_wconf 86' lang='grc' dir='ltr'>τέθηπα</span> 
     </span>
     <span class='ocr_line' id='line_1_34' title="bbox 363 3027 1963 3107; baseline 0.003 -22"><span class='ocrx_word' id='word_1_265' title='bbox 363 3027 421 3085; x_wconf 83' lang='grc' dir='ltr'>δὲ</span> <span class='ocrx_word' id='word_1_266' title='bbox 456 3029 666 3089; x_wconf 77' lang='grc' dir='ltr'>ἀκούων</span> <span class='ocrx_word' id='word_1_267' title='bbox 697 3034 745 3089; x_wconf 84' lang='grc' dir='ltr'>εἰ</span> <span class='ocrx_word' id='word_1_268' title='bbox 781 3034 954 3105; x_wconf 82' lang='grc' dir='ltr'>νῆσος</span> <span class='ocrx_word' id='word_1_269' title='bbox 989 3029 1240 3105; x_wconf 76' lang='grc' dir='ltr'>ἀληθέως</span> <span class='ocrx_word' id='word_1_270' title='bbox 1280 3030 1404 3089; x_wconf 83' lang='grc' dir='ltr'>ἐστὶ</span> <span class='ocrx_word' id='word_1_271' title='bbox 1436 3030 1653 3106; x_wconf 87' lang='grc' dir='ltr'>πλωτή·</span> <span class='ocrx_word' id='word_1_272' title='bbox 1697 3035 1755 3090; x_wconf 91' lang='grc' dir='ltr'>ἐν</span> <span class='ocrx_word' id='word_1_273' title='bbox 1780 3030 1850 3107; x_wconf 78' lang='grc' dir='ltr'>δὴ</span> <span class='ocrx_word' id='word_1_274' title='bbox 1886 3028 1963 3091; x_wconf 75' lang='grc' dir='ltr'>ὧν</span> 
     </span>
     <span class='ocr_line' id='line_1_35' title="bbox 359 3114 1965 3197; baseline 0.003 -24"><span class='ocrx_word' id='word_1_275' title='bbox 359 3114 532 3193; x_wconf 76' lang='grc' dir='ltr'>ταύτῃ</span> <span class='ocrx_word' id='word_1_276' title='bbox 579 3115 709 3192; x_wconf 85' lang='grc' dir='ltr'>νηός</span> <span class='ocrx_word' id='word_1_277' title='bbox 751 3142 814 3176; x_wconf 91' lang='grc' dir='ltr'>τε</span> <span class='ocrx_word' id='word_1_278' title='bbox 855 3116 1217 3177; x_wconf 84' lang='grc' dir='ltr'>’Λπόλλωνος</span> <span class='ocrx_word' id='word_1_279' title='bbox 1269 3117 1446 3197; x_wconf 87' lang='grc' dir='ltr'>μέγας</span> <span class='ocrx_word' id='word_1_280' title='bbox 1493 3119 1587 3188; x_wconf 85' lang='grc' dir='ltr'>ἔνι,</span> <span class='ocrx_word' id='word_1_281' title='bbox 1634 3118 1727 3177; x_wconf 82' lang='grc' dir='ltr'>καὶ</span> <span class='ocrx_word' id='word_1_282' title='bbox 1771 3118 1965 3196; x_wconf 79' lang='grc' dir='ltr'>βωμοὶ</span> 
     </span>
     <span class='ocr_line' id='line_1_36' title="bbox 361 3201 1961 3283; baseline 0.008 -28"><span class='ocrx_word' id='word_1_283' title='bbox 361 3201 654 3273; x_wconf 81' lang='grc' dir='ltr'>τριφάσιοι</span> <span class='ocrx_word' id='word_1_284' title='bbox 685 3202 1010 3279; x_wconf 83' lang='grc' dir='ltr'>ἐνιδρύαται·</span> <span class='ocrx_word' id='word_1_285' title='bbox 1053 3202 1415 3277; x_wconf 83' lang='grc' dir='ltr'>ἐμπεφύκασι</span> <span class='ocrx_word' id='word_1_286' title='bbox 1450 3203 1497 3263; x_wconf 84' lang='grc' dir='ltr'>δ’</span> <span class='ocrx_word' id='word_1_287' title='bbox 1526 3209 1584 3265; x_wconf 85' lang='grc' dir='ltr'>ἐν</span> <span class='ocrx_word' id='word_1_288' title='bbox 1614 3203 1755 3283; x_wconf 75' lang='grc' dir='ltr'>αὐτῇ</span> <span class='ocrx_word' id='word_1_289' title='bbox 1782 3206 1961 3282; x_wconf 82' lang='grc' dir='ltr'>φοίνι-</span> 
     </span>
     <span class='ocr_line' id='line_1_37' title="bbox 363 3286 1967 3371; baseline 0.009 -32"><span class='ocrx_word' id='word_1_290' title='bbox 363 3303 453 3341; x_wconf 86' lang='grc' dir='ltr'>κες</span> <span class='ocrx_word' id='word_1_291' title='bbox 493 3286 708 3361; x_wconf 82' lang='grc' dir='ltr'>συχνοὶ,</span> <span class='ocrx_word' id='word_1_292' title='bbox 751 3287 843 3345; x_wconf 87' lang='grc' dir='ltr'>καὶ</span> <span class='ocrx_word' id='word_1_293' title='bbox 884 3286 1040 3346; x_wconf 77' lang='grc' dir='ltr'>ἅλλα</span> <span class='ocrx_word' id='word_1_294' title='bbox 1081 3286 1310 3366; x_wconf 86' lang='grc' dir='ltr'>δένδρεα</span> <span class='ocrx_word' id='word_1_295' title='bbox 1350 3289 1443 3349; x_wconf 84' lang='grc' dir='ltr'>καὶ</span> <span class='ocrx_word' id='word_1_296' title='bbox 1486 3292 1827 3371; x_wconf 87' lang='grc' dir='ltr'>καρποφόρα</span> <span class='ocrx_word' id='word_1_297' title='bbox 1865 3292 1967 3355; x_wconf 78' lang='grc' dir='ltr'>καὶ</span> 
     </span>
    </p>
   </div>
  </div>
 </body>
</html>
