2250 3500
367 139 434 186 50
988 136 1357 188 ἮΡοΔοτοα·
1900 133 1969 198 [1.

370 214 564 291 Μῆδοι
605 214 838 292 ὄρῶντες
877 213 1047 277 αὕτοΰ
1084 215 1215 280 τούς
1252 213 1511 292 τρόπους,
1561 212 1831 289 δικαστήν
1876 239 1975 290 μιν

371 305 582 362 ἑωυτῶν
609 303 877 378 αἱρέοντο·
920 302 954 362 ὁ
981 303 1040 362 δὲ
1065 303 1151 378 δὴ,
1181 303 1273 362 οἷα
1297 300 1609 379 μνεῶμενος
1636 299 1833 380 α’ρχήν,
1857 300 1977 366 ἰθύς

364 415 428 450 τε
455 391 546 448 καὶ
574 389 781 454 δίκαιος
805 389 894 466 ἤν.
964 391 1163 451 ποιέων
1189 415 1251 449 τε
1277 393 1454 449 ταῦτα
1480 390 1703 448 ἔπαινον
1731 388 1846 467 εἶχε
1872 387 1975 450 οὖκ

375 475 572 558 ὀλίγον
596 476 738 554 πρός
763 483 872 540 τῶν
896 479 1186 548 πολιτέων,
1217 477 1357 537 οὕτω
1395 477 1541 536 ὥστε
1566 475 1973 554 πυνθανόμενοι

369 568 425 638 οἱ
453 569 510 625 ἐν
535 569 672 644 τῇσι
698 563 915 645 ἄλλῃσι
947 565 1167 648 κώμῃσι
1194 564 1267 628 ὥς
1293 563 1537 640 Δηῖόκης
1563 564 1647 641 εἴη
1674 563 1813 641 ἀνὴρ
1836 568 1973 640 μοῦ-

367 679 462 717 νος
494 653 634 713 κατοὶ
669 654 736 714 τὰ
774 653 944 731 ὀρθὰν
971 654 1216 724 δικάζων,
1243 652 1515 730 πρότερον
1548 651 1973 728 περιπίπτοντες

371 739 614 802 ἀδίκοισι
657 740 935 822 γνώμῃσι,
974 740 1102 800 τότε
1151 741 1277 800 ἐπεί
1315 765 1379 800 τε
1424 738 1693 815 ἥκουσαν,
1736 737 1972 816 ἅσμενοι

367 830 621 904 ἐφοίτεον
659 828 814 905 παραὶ
852 827 953 889 τᾶν
994 827 1237 904 Δηῖόκεα
1278 827 1371 887 καὶ
1410 827 1567 888 αὐτοὶ
1593 825 1969 903 δικασόμενοι·

271 917 346 977 97
363 919 528 980 τέλος
571 917 648 985 δὲ,
691 915 871 976 οὐδενὶ
915 914 1076 996 ἄλλῳ
1124 915 1520 993 ἐπετράποντο.
1604 917 1861 979 Πλεῦνος
1910 915 1972 976 δὲ

366 1005 473 1062 αἰεὶ
507 1004 802 1083 γινομένου
833 1007 936 1064 τοῦ
971 1004 1402 1080 ἐπιφοιτέοντος,
1430 1003 1523 1062 οἷα
1547 1003 1971 1080 πυνθανομένων

367 1090 468 1154 τὰς
502 1091 656 1155 δίκας
686 1090 1015 1168 ἀποβαίνειν
1035 1083 1188 1151 ’κατὰ
1222 1091 1291 1152 τό
1329 1088 1437 1165 ἐὸν,
1464 1089 1633 1172 γνοῦς
1668 1088 1701 1150 ό
1730 1088 1971 1167 Δηϊόκης

369 1183 426 1242 ἐς
461 1178 660 1257 ἐωυτὸν
695 1182 808 1240 πᾶν
845 1178 1215 1256 ἀνακείμενον,
1250 1177 1377 1239 οὔτε
1414 1178 1653 1250 κατίζειν
1688 1177 1767 1238 ἔτι
1800 1175 1972 1253 ἤθελε

367 1266 498 1326 ἔνθα
541 1291 650 1344 περ
702 1266 976 1345 πρότερον
1028 1267 1372 1344 προκατίζων
1424 1265 1650 1336 ἐδίκαζε,
1696 1263 1809 1324 οὔτ’
1860 1265 1971 1342 ἔφη

367 1353 525 1414 δικᾶν
547 1354 644 1414 ἔτι·
664 1354 740 1414 ὀὗ
763 1353 874 1435 γάρ
896 1358 949 1415 οἱ
970 1355 1334 1424 λυσιτελέειν,
1350 1357 1461 1415 τῶν
1482 1355 1682 1414 ἑωυτοῦ
1705 1351 1971 1429 ἐξημελη-

367 1441 504 1515 κότα
541 1443 698 1503 τοῖσι
733 1443 913 1506 πέλας
953 1442 1020 1502 δι’
1059 1442 1271 1520 ἡμέρης
1312 1439 1569 1512 δικάζειν.
1634 1439 1854 1516 ,ἐούσης
1897 1440 1971 1502 ὧν

366 1529 622 1610 ἁρπαγῆς
648 1531 740 1590 καὶ
767 1529 999 1608 οἷνομίης
1025 1531 1106 1590 ἔτι
1137 1533 1337 1608 πολλῷ
1360 1532 1587 1606 μᾶλλον
1613 1526 1719 1589 οἶνοὶ
1741 1528 1844 1592 τοίς
1868 1529 1969 1588 κῶ-

363 1642 476 1693 μας
501 1615 538 1691 ἢ
565 1617 836 1695 πρότερον
854 1617 940 1692 ἦν,
961 1619 1387 1698 συνελέχθησαν
1406 1619 1462 1677 οἶ
1486 1616 1679 1692 Μῆδοι
1699 1621 1755 1679 ἐς
1773 1615 1967 1688 τῶυτό,

370 1704 463 1763 καὶ
495 1703 752 1766 ἐδίδοσαν
788 1706 964 1782 σφίσι
997 1703 1174 1787 λόγον
1206 1705 1466 1787 λέγοντες
1500 1705 1629 1782 περὶ
1663 1708 1774 1765 τῶν
1804 1729 1969 1782 κατη-

367 1790 590 1851 κόντων·
647 1791 720 1856 αἷς
765 1790 812 1851 δ’
853 1793 960 1874 ἐγῶ
1007 1793 1195 1864 δοκέω,
1236 1793 1493 1869 μάλιστα
1537 1794 1733 1875 ἔλεγον
1773 1796 1827 1858 οἱ
1864 1796 1969 1854 τοῦ

365 1878 614 1954 Δηῖόκεω
666 1881 850 1956 φίλοι·
909 1879 1019 1943 “οὖ
1065 1881 1178 1962 γαῖρ
1231 1880 1301 1957 δὴ
1346 1880 1537 1961 τρόπῳ
1582 1886 1661 1960 τῷ
1704 1880 1968 1959 παρεόντι
2041 1876 2052 1889 ’

363 1966 668 2045 χρεώμενοι
715 1968 940 2029 δυνατοί
983 1972 1133 2046 εἰμεν
1177 1969 1371 2031 οἰκέειν
1420 1967 1527 2046 τὴν
1576 1969 1779 2049 χώρην,
1828 1970 1969 2048 φέρε

364 2054 665 2134 στήσωμεν
706 2055 890 2134 ἡμέων
936 2055 1114 2117 αὐτῶν
1160 2057 1434 2134 βασιλέα·
1491 2057 1584 2117 καὶ
1629 2056 1769 2119 οὕτω
1814 2056 1853 2132 ἥ
1903 2083 1968 2118 τε
2028 2072 2041 2085 ’

362 2169 520 2223 χωρη
561 2143 925 2223 εὐνομήσεται
967 2145 1060 2205 καὶ
1098 2144 1257 2206 αὐτοὶ
1294 2146 1436 2223 πρὸς
1470 2145 1603 2227 ἔργα
1622 2143 1965 2223 τρεψόμεθα,

469 2230 725 2255 κε’,

365 2230 490 2290 οὐδε
540 2258 620 2291 υπ
689 2235 918 2309 ανομίης
963 2232 1270 2295 ανάστατοι
1316 2232 1581 2309 ἐσόμεθα·
1580 2231 1613 2253 '⁹
1667 2231 1843 2293 ταῦτά
1894 2258 1967 2309 κη

269 2319 346 2377 98
363 2318 622 2397 λέγοντες
647 2319 960 2379 πείθουσιο
934 2346 1167 2384 εωυτους
1191 2319 1625 2396 βασιλεύεσθαι·
1667 2318 1879 2379 Αὗτίκα
1904 2320 1967 2380 δὲ

363 2405 851 2480 προβαλλομένων
907 2404 1008 2465 τόν
1064 2430 1191 2465 τινα
1242 2405 1554 2480 στήσονται
1603 2405 1875 2481 βασιλέα,
1930 2407 1966 2468 ὁ

365 2489 607 2565 Δηῖόκης
657 2488 730 2565 ἦν
771 2490 992 2554 πολλός
1035 2490 1147 2567 ,ὕπὸ
1195 2491 1403 2555 παντός
1448 2489 1645 2568 ἀνδρὸς
1690 2494 1783 2552 καὶ
1828 2519 1966 2572 προ-

363 2576 724 2654 βαλλόμενος
756 2578 849 2639 καὶ
880 2578 1212 2657 αἰνεόμενος·
1241 2584 1298 2643 ἐς
1322 2578 1355 2639 ὃ
1378 2581 1583 2641 τοῦτον
1608 2581 1965 2643 καταινέουσι

359 2666 617 2741 βασιλέα
643 2666 820 2743 σφίσι
855 2667 1011 2728 εἶναι.
1094 2666 1128 2728 ὅ
1160 2666 1207 2727 δ’
1240 2667 1459 2727 ἐκέλευε
1490 2665 1691 2731 αὐτοῦς
1724 2669 1871 2728 οἰκία
1900 2696 1965 2731 τε

361 2757 538 2833 ἑωυτῷ
560 2752 690 2824 ἄξια
711 2759 814 2831 τῆς
837 2756 1150 2833 βασιληίης
1177 2756 1558 2833 οἰκοδομῆσαι,
1581 2756 1673 2815 καὶ
1701 2760 1964 2833 κρατῦναι

363 2840 535 2903 αὐτᾶν
578 2842 964 2922 δορυφόροισι.
1045 2848 1269 2905 ποιεῦσι
1314 2844 1382 2921 δή
1426 2847 1606 2905 ταῦτα
1652 2846 1707 2904 οἱ
1752 2843 1960 2919 Μῆδοι·

361 2930 754 3008 οἰκοδομέουσί
776 2956 840 2991 τε
875 2932 989 3014 γὰρ
1026 2931 1175 3012 αὐτῷ
1211 2933 1357 2993 οἰκία
1388 2931 1615 3014 μεγάλα
1648 2956 1712 2991 τε
1748 2932 1841 2991 καὶ
1875 2934 1960 2993 ἰσ-

356 3017 518 3095 χυροί,
555 3018 644 3079 ἵνα
679 3016 845 3084 αὖτός
883 3020 1101 3096 ἔφρασε
1132 3024 1234 3096 τῆς
1266 3020 1466 3100 χώρης,
1496 3021 1590 3080 καὶ
1618 3018 1963 3098 δορυφόρους

359 3103 506 3182 αυτῷ
539 3107 902 3184 ἐπιτρέπουσι
933 3111 994 3165 ἐκ
1025 3106 1248 3169 πάντων
1280 3109 1491 3184 Μήδων
1523 3107 1962 3177 καταλέξασθαι.

361 3187 395 3248 ὅ
431 3190 492 3249 δὲ
527 3192 598 3256 ὥς
623 3195 760 3275 ἔσχε
789 3194 896 3272 τήν
923 3193 1124 3275 ἀρχὴν,
1158 3222 1290 3260 τους
1324 3197 1553 3273 Μήδους
1584 3194 1873 3277 ήναγκασε
1904 3195 1964 3256 ἓν

360 3274 624 3354 πόλισμα
646 3282 1017 3359 ποιήσασθαι,
1043 3284 1139 3343 καὶ
1161 3286 1329 3345 τοῦτο
1353 3284 1831 3363 περιστέλλοντας
1852 3285 1965 3343 τῶν
