2250 3500
376 116 476 164 236
976 114 1348 165 ἮΡοΔοτοτ
1832 112 1968 179 [111.

378 192 535 262 ἔδοξέ
552 188 679 267 ’σφι
714 192 953 253 ἕκαστον
991 192 1164 271 ἄνδρα
1204 194 1472 270 Περσέων
1499 194 1972 271 προσεταιρίσασ-

379 281 491 349 θαι,
515 282 714 340 rofi-rou
743 284 821 359 τῷ
844 279 1095 341 πιστεύει
1123 280 1400 357 μάλιστα.
1471 279 1711 357 Ὀτάνης
1743 283 1852 358 μέν
1882 308 1976 345 νυν

380 365 665 448 εἰσάγεται
728 366 1099 445 Ἰνταφέρνεα,
1163 367 1433 445 Γωβρύης
1493 368 1554 427 δὲ
1617 368 1974 449 Μεγάβυζον,

378 452 725 531 Ἀσπαθίνης
764 455 825 515 δὲ
862 454 1147 533 Ὑδάρνεα·
1200 454 1510 536 γεγονότων
1550 454 1612 514 δὲ
1649 455 1860 516 τούτων
1900 457 1975 528 ἓξ,

380 544 743 624 παραγίνεται
778 548 835 609 ἐς
856 540 943 604 ’τά
977 544 1174 606 Σοῦσα
1206 546 1442 619 Δαρεῖος
1466 542 1499 602 6
1525 541 1884 607 ’Ὑστάσπεος
1918 550 1976 604 ἔκ

385 632 652 708 Περσέων
674 630 840 707 ἥκων·
880 630 1087 694 τούτων
1111 630 1221 710 γάρ
1248 630 1316 707 δή
1343 630 1414 706 ἦν
1445 634 1500 690 οἱ
1531 630 1563 691 6
1595 629 1783 708 πατὴρ
1807 630 1976 710 ὕπαρ-

384 744 505 797 χος·
546 720 666 779 ἐπεὶ
704 717 778 780 ὦν
813 716 975 782 οὗτος
1010 717 1258 788 ἀπίκετο,
1282 723 1436 778 τοῖσι
1473 718 1535 787 ἓξ
1566 722 1680 779 τῶν
1710 720 1978 797 Περσέων

288 806 363 867 71
386 806 537 878 ἔδοξε
572 806 665 865 καὶ
701 810 940 883 Δαρεῖον
973 806 1540 883 προσεταιρίσασθαι.
1610 805 1980 871 Συνελθόντες

387 894 448 953 δὲ
494 892 663 963 οὗτοι,
708 893 890 957 ε’όντες
935 893 1092 964 emat,
1139 892 1397 965 ἐδίδοσάν
1435 899 1612 968 σφισι
1655 893 1849 957 πίστις
1887 896 1979 954 καὶ

384 980 607 1061 λόγους.
670 979 795 1039 ἐπεί
812 1006 875 1039 τε
902 981 962 1041 δὲ
988 986 1043 1044 ἐς
1070 984 1311 1052 Δαρεῖον
1335 980 1568 1041 α’πίκετο
1590 981 1818 1061 γνώμην
1843 980 1980 1042 ἀπο-

385 1068 704 1143 φαίνεσθαι,
732 1068 895 1149 ἔλεγέ
918 1074 1032 1144 σφι
1052 1066 1205 1127 τάδε·
1248 1078 1284 1105 “
1299 1067 1410 1150 ε’γῶ
1433 1072 1609 1133 ταῦτα
1636 1068 1855 1130 ἐδόκεον
1876 1072 1982 1146 μὲν

386 1154 550 1219 αὗτὸς
592 1159 797 1231 μοῦνος
844 1156 1204 1225 ἐπίστασθαι,
1252 1154 1341 1215 ὅτι
1383 1181 1448 1216 τε
1491 1156 1526 1216 6
1573 1156 1776 1237 Μάγος
1823 1158 1908 1233 εἴη
1947 1157 1982 1218 6

384 1244 711 1320 βασιλεύων
752 1244 846 1303 καὶ
890 1244 1125 1322 Σμέρδις
1165 1242 1199 1304 6
1239 1243 1430 1320 Κύρου
1468 1244 1842 1321 τετελεύτηκε·
1889 1246 1984 1305 καὶ

386 1330 556 1392 αὐτοῦ
580 1331 781 1393 τούτου
813 1333 1015 1393 εἵνεκεν
1037 1330 1154 1407 ἥκω
1187 1332 1428 1411 σπουδῇ,
1453 1329 1529 1396 ὀἷς
1559 1332 1866 1407 συστήσων
1891 1335 1985 1394 ε’πὶ

385 1424 463 1501 τῷ
494 1420 677 1502 Μάγῳ
718 1420 973 1487 θάνατον·
1016 1420 1141 1489 ε’πεί
1174 1444 1256 1479 τε-
1276 1421 1336 1480 δὲ
1376 1419 1663 1495 συνήνεικε
1690 1419 1850 1481 ’ὥστε
1891 1423 1985 1482 καὶ

386 1508 557 1585 ὖμέας
584 1509 781 1569 εἰδέναι
812 1510 905 1568 καὶ
932 1507 1015 1586 μὴ
1040 1510 1251 1585 μοῦνον
1276 1509 1390 1585 ε’μὲ,
1418 1509 1626 1569 ποιέειν
1653 1504 1850 1567 αὐτίκα
1885 1534 1986 1585 μοι

389 1596 565 1656 δοκέει
592 1598 685 1656 καὶ
707 1596 789 1674 μή
809 1596 1301 1673 ὕπερβάλλεσθαι·
1333 1594 1396 1655 οὖ
1414 1595 1528 1677 γάρ
1549 1595 1823 1672 ἄμεινον.”
1865 1597 1986 1658 εἶπε

387 1683 529 1761 πρὸς
559 1686 734 1743 ταῦτα
769 1682 803 1741 6
838 1682 1097 1760 Ὀτάνης·
1116 1718 1122 1721 -
1139 1692 1176 1719 “
1193 1682 1236 1741 ὦ
1269 1685 1378 1742 παῖ
1405 1681 1778 1765 Ὑστάσπεος,
1812 1684 1890 1747 εἷς
1921 1711 1988 1745 τε

387 1771 597 1848 πατρός
633 1770 848 1852 ἀγαθοῦ
891 1772 984 1830 καὶ
1020 1771 1302 1846 ἐκφαίνειν
1337 1772 1518 1836 ἔοικας
1553 1772 1800 1832 σεωυτόν
1824 1772 1989 1833 ε’όντα

386 1861 489 1919 τοῦ
538 1858 751 1935 πατρὸς
802 1857 958 1918 οὐδὲν
1003 1856 1190 1934 ἥσσω·
1243 1858 1348 1935 τὴν
1399 1858 1592 1936 μέντοι
1639 1861 1989 1939 ἐπιχείρησιν

386 1945 591 2023 ταύτην
634 1946 716 2024 μή
756 1945 897 2008 οὕτω
918 2004 921 2008 ,
942 1945 1252 2029 συντάχυνε
1291 1945 1582 2023 ἀβούλως,
1611 1945 1744 2006 ἀλλ’
1788 1947 1880 2006 ε’πὶ
1918 1948 1989 2008 τδ

390 2035 853 2114 σωφρονέστερον
893 2032 1067 2110 αὗτῆν
1121 2033 1404 2111 λάμβανε·
1460 2035 1546 2093 δεῖ
1587 2034 1700 2116 γὰρ
1746 2039 1989 2099 πλεῦνας

388 2121 717 2205 γενομένους
768 2122 909 2183 οὕτω
963 2120 1337 2201 ε’πιχειρέειν.”
1419 2123 1577 2203 λέγει
1621 2121 1762 2199 πρός
1812 2126 1991 2182 ταῦτα

391 2215 643 2289 Δαρεῖος·
684 2221 721 2248 “
734 2210 925 2288 ἄνδρες
966 2214 1021 2270 οἱ
1050 2209 1364 2287 παρεόντες,
1389 2210 1578 2288 τρόπῳ
1612 2214 1691 2289 τῷ
1723 2211 1990 2290 εἰρημένῳ

389 2300 452 2368 ἐξ
476 2298 719 2360 Ὀτάνεω
761 2303 809 2358 εἰ
847 2298 1156 2377 χρήσεσθε,
1191 2298 1503 2358 ἐπίστασθε
1543 2292 1632 2357 ὅτι
1671 2297 1992 2358 ἀπολέεσθε

391 2385 647 2446 κάκιστα·
682 2386 889 2455 ἐξοίσει
914 2384 1024 2466 γάρ
1048 2410 1134 2449 τις
1158 2384 1300 2462 πρὸς
1323 2385 1424 2446 τόν
1449 2384 1672 2466 Μάγον,
1703 2385 1813 2463 ἰδίῃ
1838 2411 1992 2463 περι-

388 2473 791 2580 βαλλόμενος*
768 2478 943 2551 εωυτω
914 2474 1171 2550 κέρδεα.
1211 2473 1468 2550 μάλιστα
1485 2473 1590 2549 μέν
1607 2498 1705 2533 νυν
1721 2471 1996 2582 ωφείλετε

391 2551 477 2620 ἐπ
497 2559 679 2638 υμέων
702 2559 881 2619 αὖτων
905 2532 1220 2637 βαλόμενοι
1245 2561 1450 2621 ποιέειν
1468 2563 1663 2620 ταῦτα·
1700 2561 1825 2620 ἐπεί
1843 2585 1908 2620 τε
1934 2561 1998 2620 δὲ

388 2649 523 2728 υμῖν
538 2649 833 2726 ἀναφέρειν
852 2652 1163 2720 ἔςπλεῦνας
1185 2647 1366 2708 ἐδόκεε
1383 2649 1474 2708 καὶ
1491 2653 1616 2726 ἐμοι
1595 2647 1997 2726 ὑπερέθεσθε,

390 2737 454 2846 ἢῆ
451 2738 723 2815 ποιέωμεν
748 2735 1011 2814 σήμερον,
1040 2735 1077 2812 ἢ
1103 2737 1245 2807 ἴστε,
1271 2736 1403 2814 υμῖν
1429 2735 1517 2797 ὅτι
1541 2734 1613 2812 ἦν
1637 2735 1932 2814 ὑπερπέσῃ
1955 2735 2002 2812 ἤ

388 2830 486 2886 νῦν
504 2825 701 2903 ἡμέρη,
727 2824 798 2888 ὥς
824 2823 923 2884 οὐκ
950 2823 1129 2888 αλλ-ος
1150 2823 1352 2899 φθοὶς’
1326 2828 1457 2901 εμεῦ
1485 2823 1795 2906 κατήγορος
1815 2825 2001 2895 ἔσται,

393 2913 549 2972 ἀλλά
592 2918 750 2988 σφεα
785 2911 950 2975 αὐτὸς
982 2911 1091 2993 ε’γω
1134 2913 1371 2989 κατερέω
1409 2913 1552 2990 πρὸς
1590 2913 1692 2973 τᾶν
1737 2910 2003 2992 ΜάγονΓ

297 3001 371 3058 72
392 3001 561 3081 Λέγει
586 3001 728 3077 πρός
752 3003 929 3059 ταῦτα
952 2998 1208 3075 Ὀτάνης,
1235 2999 1498 3108 ε’πειδη
1453 3026 1570 3079 ωρα
1602 2999 2006 3079 σπερχόμενον

392 3090 651 3163 Δαρεῖον·
684 3097 721 3123 “
740 3086 863 3146 ἐπεί
882 3112 945 3146 τε
968 3085 1144 3163 ἡμέας
1169 3087 1533 3166 συνταχύνειν
1551 3087 1878 3169 ἀναγκάζεις
1900 3088 2002 3148 καὶ

390 3171 859 3247 υπερβάλλεσθαι
886 3173 985 3232 οὐκ
1008 3178 1117 3251 ἐᾷς,
1136 3173 1217 3232 ἴθι
1241 3174 1438 3256 ε’ξ-ηγέο
1458 3175 1624 3284 αυτός
1645 3176 1782 3256 ὅτεῳ
1801 3176 2003 3256 τρόπῳ

390 3255 627 3331 πάριμεν
652 3263 707 3321 ἐς
734 3259 806 3318 τοὶ
831 3258 1135 3336 βασιλήϊα,
1161 3261 1254 3320 καὶ
1280 3259 1712 3343 ἐπιχειρήσομεν
1737 3263 1998 3326 αυτοῖσι·
