2250 3500
284 118 569 183 123-126]
958 122 1230 175 ΘΔΛΕῘΔ.
1789 125 1886 175 261

282 196 350 257 δέ
389 200 445 258 οἶ
488 196 782 276 ἠπείλησε,
824 199 895 276 ἦν
937 204 1052 263 σῶς
1104 201 1472 281 ἀπονοστήσῃ
1521 201 1748 263 πολλόν
1791 227 1891 279 μιν

280 284 491 364 χρόνον
515 288 974 364 παρθενεύεσθαι·
1010 287 1050 363 ἦ
1078 288 1139 349 δὲ
1163 288 1422 365 ἠρήσατο
1437 290 1694 349 ἐπιτελέα
1712 294 1890 350 ταῦτα

280 374 567 453 γενέσθαι·
608 374 928 450 βούλεσθαι
960 375 1071 456 γὰρ
1106 375 1553 452 παρθενεύεσθαι
1576 378 1732 437 πλέω
1755 377 1887 456 χρό-

282 485 383 520 νον
422 458 462 536 ἢ
503 464 604 521 τοῦ
656 461 869 537 πατρός
920 463 1283 539 ἐστερῆσθαι.
1364 462 1736 541 Πολυκράτης
1787 466 1846 524 δὲ
1868 466 1981 526 125

281 547 475 623 πάσης
499 549 859 625 συμβουλίης
884 548 1195 630 α’λογήσας,
1217 551 1382 611 ἔπλεε
1407 550 1562 627 παροί
1581 575 1683 611 τον
1705 550 1888 629 Ὀροί-

280 659 385 694 τεα
417 660 536 712 αμα
574 635 844 716 ἀγόμενος
880 635 1094 701 αλλους
1128 661 1193 698 τε
1223 635 1480 701 πολλους
1511 640 1624 699 τῶν
1656 640 1883 716 ἑταίρων

284 726 345 782 ἐν
378 722 437 781 δὲ
470 722 538 798 δὴ
574 724 668 782 καὶ
702 723 1039 800 Δημοκήδεα
1070 724 1172 786 τόν
1199 728 1632 802 Καλλιφωντος,
1661 730 1886 801 Κροτω-

284 809 495 886 νιήτην,
523 807 698 888 ἄνδρα
736 811 925 889 ἰητρόν
950 836 1013 871 τε
1050 812 1214 873 ἐόντα
1246 814 1338 872 καὶ
1362 814 1468 889 τήν
1491 813 1694 893 τέχνην
1717 812 1886 875 α’σκέ-

284 922 422 957 οντα
446 896 653 975 ἄριστα
685 902 797 960 τῶν
824 898 943 959 κατ’
972 900 1191 961 ἑωυτόν.
1259 900 1592 978 άπικόμενος
1618 900 1678 961 δὲ
1705 906 1762 965 ἐς
1782 902 1888 978 τὴν

284 986 628 1065 Μαγνησίην
668 984 704 1045 ὅ
758 987 1131 1065 Πολυκράτης
1184 988 1460 1067 διεφθάρη
1513 993 1708 1061 κακῶς,
1757 987 1888 1053 οὕτε

285 1075 490 1133 ἑωυτοῦ
514 1071 678 1143 ἀξίως
706 1072 834 1135 οὔτε
858 1078 970 1136 τῶν
996 1079 1198 1137 ἑωυτοῦ
1226 1076 1616 1154 φρονημάτων·
1658 1077 1748 1139 ὅτι
1770 1078 1884 1160 γὰρ

282 1161 365 1236 μὴ
394 1164 449 1221 οἶ
480 1162 837 1239 Συρηκοσίων
866 1163 1158 1244 γενόμενοι
1191 1164 1468 1242 τύραννοι,
1496 1164 1622 1225 οὐδὲ
1662 1164 1740 1229 εἶς
1777 1170 1888 1227 τῶν

284 1246 479 1308 ἄλλων
511 1247 861 1326 Ἑλληνικῶν
888 1250 1166 1327 τυράννων
1197 1250 1352 1321 ἄξιός
1382 1257 1507 1312 ἐστι
1531 1252 1889 1329 Πολυκράτεϊ

284 1338 771 1416 μεγαλοπρεπείην
818 1338 1246 1414 συμβληθῆναι.
1313 1336 1642 1402 α’ποκτείνας
1681 1339 1746 1398 δέ
1787 1364 1887 1416 μιν

285 1421 389 1482 οὔκ
414 1422 577 1493 ἀξίως
598 1423 917 1505 ἀπηγήσιος
939 1423 1216 1502 Ὀροίτης,
1244 1423 1654 1502 ἀνεσταύρωσε·
1693 1429 1802 1485 τῶν
1825 1425 1890 1485 δέ

287 1512 344 1569 οἱ
384 1512 664 1589 ἑπομένων
702 1512 833 1573 ὅσοι
861 1514 967 1589 μὲν
996 1512 1148 1587 ἦσαν
1188 1511 1394 1589 Σάμιοι
1423 1511 1622 1588 ἀπῆκε,
1651 1513 1886 1575 κελεύων

286 1598 475 1674 σφέας
512 1603 690 1677 ἑωυτῷ
720 1599 887 1679 χάριν
922 1599 1120 1660 εἰδέναι
1155 1599 1344 1665 ἐόντας
1377 1600 1716 1677 ἐλευθέρους·
1757 1600 1888 1663 ὅσοι

286 1684 349 1743 δὲ
374 1685 525 1762 ἦσαν
550 1687 723 1757 ξεῖνοί
742 1712 804 1747 τε
832 1686 925 1745 καὶ
950 1686 1147 1748 δοῦλοι
1171 1692 1283 1750 τῶν
1309 1689 1589 1767 ἑπομένων
1615 1693 1674 1750 ἐν
1690 1688 1886 1768 ἄνδρα·

284 1775 470 1836 πόδων
504 1776 657 1857 λόγῳ
692 1775 1016 1852 ποιεύμενος
1057 1776 1193 1858 εἶχε·
1241 1777 1610 1857 Πολυκράτης
1650 1779 1710 1839 δὲ
1755 1779 1886 1842 ‹iva-

286 1861 645 1940 κρεμάμενος,
674 1865 930 1924 ἐπετέλεε
965 1867 1161 1924 πᾶσαν
1184 1865 1288 1942 ,τὴν
1313 1864 1444 1944 ὄψιν
1467 1870 1569 1942 τῆς
1593 1867 1884 1946 θυγατρός·

286 1953 489 2011 ἐλοῦτο
526 1953 631 2027 μὲν
661 1977 774 2032 γαρ
814 1951 925 2011 ύπο
965 1954 1067 2011 τοῦ
1109 1952 1311 2016 Διος
1279 1979 1416 2016 οκως
1445 1977 1552 2022 υοι,
1580 1955 1796 2032 ἐχρίετο
1821 1955 1882 2014 δὲ

283 2036 397 2097 υπὸ
430 2042 531 2098 τοῦ
560 2038 728 2114 ηλίου
762 2038 930 2102 οἷνιεὶς
965 2038 1133 2102 αύτὸς
1159 2044 1220 2098 ἐκ
1245 2042 1347 2099 τοῦ
1373 2037 1635 2114 σώματος
1661 2040 1883 2116 ικμάδα.

285 2124 681 2202 Πολυκράτεος
719 2128 824 2204 μὲν
864 2125 935 2201 δὴ
977 2129 1037 2184 αἱ
1077 2125 1294 2186 πολλαὶ
1340 2124 1589 2203 εὐτυχίαι
1623 2129 1678 2187 ἐς
1717 2131 1884 2188 τοῦτο

286 2213 673 2290 ἐτελεύτησαν,
704 2218 778 2293 τῇ
818 2216 874 2274 οἶ
902 2213 1156 2291 Ἀμασις
1194 2212 1228 2273 ὅ
1268 2211 1559 2294 Αἰγύπτου
1603 2213 1886 2288 βασιλεῦς

283 2301 795 2377 προεμαντεύσατο.

367 2387 565 2469 Χρόνῳ
592 2390 652 2449 δὲ
678 2389 743 2450 οὗ
767 2393 967 2468 πολλῷ
990 2388 1228 2467 ὕστερον
1253 2389 1346 2450 καὶ
1368 2389 1627 2466 Ὀροίτεα
1652 2394 1842 2470 Πολυ-
1862 2392 1978 2452 126

285 2476 517 2553 κράτεος
544 2477 721 2542 τίσιες
747 2479 1051 2554 μετῆλθον.
1116 2478 1262 2554 μετοῖ
1287 2478 1398 2560 γὰρ
1421 2478 1522 2540 τόν
1555 2479 1886 2558 Καμβύσεω

284 2562 527 2625 θάνατον
563 2566 657 2624 καὶ
695 2570 807 2626 τῶν
848 2565 1063 2646 Μάγων
1095 2565 1201 2642 τήν
1240 2567 1573 2644 βασιληίην,
1607 2568 1786 2644 μένων
1823 2573 1885 2627 ἐν

218 2683 225 2688 ·
280 2655 423 2730 τῇσι
465 2651 702 2730 Σάρδισι
739 2653 999 2732 Ὀροίτης
1038 2652 1252 2730 ὠφέλει
1292 2657 1396 2731 μὲν
1437 2653 1594 2714 οὐδὲν
1635 2653 1882 2730 Πέρσας,

280 2739 396 2798 ὖπό
423 2739 633 2816 Μήδων
652 2741 1133 2821 ἀπαραιρημένους
1156 2740 1262 2817 τήν
1283 2739 1480 2819 οἷρχήν·
1509 2738 1542 2797 ὅ
1560 2739 1618 2798 δὲ
1635 2743 1694 2799 ἐν
1708 2737 1883 2818 ταύτῃ

280 2830 359 2904 τῇ
401 2832 623 2906 ταραχῇ
669 2829 811 2889 κατοὶ
855 2830 959 2905 μὲν
1006 2831 1208 2889 ἔκτεινε
1259 2824 1634 2904 Μιτραβάτεα
1675 2825 1776 2886 τόν
1821 2829 1885 2886 ἐκ

282 2917 645 2975 Δασκυλείου
687 2915 957 2996 ὕπαρχον,
994 2915 1057 2980 ὃς
1092 2918 1150 2975 οἱ
1191 2913 1440 2974 ὠνείδισε
1480 2913 1552 2973 τὰ
1594 2918 1650 2978 ἐς
1691 2916 1881 2972 Πολυ-

280 3001 491 3079 κράτεα
523 3003 738 3081 ἔχοντα,
769 3004 908 3064 κατὰ
940 3004 1000 3063 δὲ
1032 3007 1134 3063 τοῦ
1169 2999 1550 3078 Μιτραβάτεω
1581 3001 1680 3061 τὸν
1711 2999 1883 3059 παῖδα

281 3088 657 3168 Κρανάσπην,
695 3089 896 3170 ἄνδρας
931 3096 991 3150 ἐν
1022 3091 1290 3168 Πέρσῃσι
1327 3088 1600 3164 δοκίμους,
1629 3087 1784 3146 ἄλλα
1820 3113 1883 3148 τε

282 3176 555 3254 ἐξύβρισε
590 3183 845 3240 παντοῖα·
887 3180 985 3237 καί
1014 3203 1139 3238 τινα
1172 3174 1479 3258 οἷγγαρήϊον
1517 3176 1756 3252 Δαρείου
1792 3177 1883 3234 ἐλ-

282 3262 463 3325 θόντα
483 3265 613 3342 παρ’
632 3265 815 3337 αὐτὸν,
835 3263 905 3328 ὥς
932 3263 998 3324 οὗ
1022 3263 1166 3341 πρὸς
1189 3263 1394 3339 ἡδονήν
1413 3264 1470 3323 οἶ
1493 3261 1565 3338 ἦν
1581 3261 1656 3324 τοὶ
1679 3261 1882 3345 ἅγγελ-
