2250 3500
353 117 634 183 κιο-141]
995 121 1323 174 nnuma.
1860 121 1955 177 1⁷7

349 198 500 263 δίους
522 202 670 275 τρεῖς
693 197 950 276 μάλιστά
981 225 1069 276 κη,
1097 199 1188 259 διὰ
1222 204 1325 277 τῆς
1364 200 1577 282 άγορῆς
1608 200 1869 279 φέρσυσα
1892 205 1950 268 ἐς

345 285 414 347 τὰ
439 287 582 364 πρὸς
613 287 715 362 ἠῶ·
760 286 916 365 εἶρος
953 287 1012 346 δὲ
1049 287 1120 352 ὥς
1155 287 1441 365 τεσσέρων
1472 287 1752 368 πλέθρων·
1793 293 1867 368 τῇ
1891 288 1953 350 δὲ

347 460 394 520 δ’
421 465 476 525 ἐς
501 461 716 539 Ἑρμέω
745 461 882 538 ἱρόν.
963 462 1029 523 τὰ
1053 464 1160 539 μὲν
1185 462 1255 538 δή
1284 463 1403 540 ἰρὸν
1426 466 1595 524 τοῦτο
1621 463 1763 524 οὕτω
1790 466 1917 544 ἔχει.

427 548 605 613 Τέλος
655 550 716 608 δὲ
765 552 868 627 τῆς
923 548 1267 630 ἀπαλλαγῆς
1325 552 1427 610 τοῦ
1485 551 1754 615 Αἰθίοπος
1805 549 1910 612 ὦδε
1928 553 2041 613 139

345 636 544 718 ἃεγον
580 637 864 719 γενέσθαι·
931 636 1064 715 ὄψιν
1103 641 1164 697 ἐν
1202 640 1279 716 τῷ
1316 635 1469 715 ὕπνῳ
1505 637 1723 713 τοιήνδε
1762 637 1949 700 ἰδόντα

345 722 516 783 αύτὸν
535 724 794 803 οἴχεσθαι
820 724 1122 804 φεύγοντα·
1152 722 1335 784 ἐδόκεέ
1360 726 1417 784 οἱ
1442 721 1617 802 ἄνδρα
1642 725 1949 786 ἐπιστάντα

345 811 776 888 συμβουλεύειν,
816 811 948 875 τοῦς
987 811 1137 888 ἱρέας
1175 810 1305 876 τούς
1344 816 1404 871 ἐν
1430 811 1694 892 Αἰγύπτῳ
1735 812 1941 874 συλλέ-

345 897 518 967 ξαντα
540 899 752 962 πάντας
774 899 984 976 μέσους
1011 898 1343 976 διαταμέειν·
1388 899 1575 960 ἰδόντα
1602 899 1662 959 δὲ
1687 899 1791 976 τήν
1816 898 1948 978 ὄψιν

341 985 550 1062 ταύτην
583 986 772 1067 λέγειν
807 985 995 1056 ank-«311,
1021 985 1094 1050 ὥς
1129 985 1423 1064 πρόφασίν
1449 988 1505 1047 οἰ
1529 986 1713 1051 δοκέοι
1738 987 1947 1066 ταύτην

340 1098 472 1137 τους
497 1072 658 1138 θεους
692 1073 1147 1150 προδεικνύναι,
1121 1100 1211 1134 ινα
1250 1073 1552 1152 α’σεβήσας
1586 1101 1716 1154 περι
1750 1101 1821 1137 τα
1810 1075 1944 1186 ,ἰρα

344 1161 514 1222 κακόν
537 1187 594 1222 τι
617 1161 759 1239 πρός
793 1159 996 1222 θεῶν
959 1187 998 1238 η
1023 1160 1167 1239 πρός
1205 1161 1503 1238 ἀνθρώπων
1528 1163 1727 1240 λάβοι·
1769 1161 1945 1224 οὔκων

339 1249 601 1325 ποιήσειν
650 1253 844 1324 ταῦτα,
897 1248 1054 1308 ἀλλὰ
1103 1248 1217 1330 γάρ
1270 1252 1326 1309 οἰ
1388 1249 1782 1326 ἐξεληλυθεναι
1842 1251 1944 1330 τόν

339 1335 546 1413 χρόνον
570 1336 778 1398 ὁκόσον
819 1336 1137 1416 κεχρῆσθαι
1176 1335 1419 1412 ἄρξαντα
1446 1335 1735 1416 Αἰγύπτου
1776 1343 1943 1417 ἐκχω-

338 1422 553 1499 ρήσειν·
595 1428 656 1485 ἐν
688 1450 801 1505 γαρ
836 1428 909 1502 τῇ
945 1423 1212 1502 Αἰθιοπίῃ
1246 1422 1391 1482 ἐόντι
1426 1421 1573 1500 αυτῷ
1602 1449 1675 1482 τα.
1698 1425 1943 1500 μαντήϊα

338 1535 494 1572 τοισι
517 1511 786 1596 χρέωνται
810 1512 1076 1574 Αἰθίοπες
1101 1509 1305 1580 άνεῖλε,
1334 1509 1405 1574 ὥς
1437 1509 1553 1570 δέοι
1579 1509 1746 1570 αυτὸν
1772 1511 1941 1592 Αἰγύ-

338 1623 482 1659 πτου
520 1599 939 1676 βασιλεῦσαι”
909 1624 1034 1659 ετεα
1068 1597 1430 1674 πεντήκοντα·
1474 1623 1545 1661 ως
1570 1595 1646 1658 ὧν
1675 1597 1709 1658 ὅ
1742 1599 1943 1678 χρόνος

337 1682 500 1752 οὗτος
540 1687 687 1764 ἐξήῖε
728 1688 822 1747 καὶ
860 1685 1029 1748 αύτον
1067 1712 1105 1763 η
1148 1684 1277 1765 οψις
1314 1689 1415 1746 τοῦ
1456 1686 1707 1746 ἐνυπνίου
1746 1686 1940 1750 ἐπετά-

335 1800 538 1851 ρασσε,
594 1776 732 1837 ἐκῶν
779 1774 1222 1837 ἀπαλλάσσεται
1282 1778 1345 1837 ἐκ
1401 1779 1505 1852 τῆς
1564 1774 1853 1857 Αἰγύπτου
1903 1804 1938 1838 ο

338 1864 627 1938 Σαβακῶς.

417 1950 515 2015 Ὡς
553 1952 601 2011 δ’
627 1950 739 2031 ἄρα
778 1953 1037 2033 οἴχεσθαι
1075 1953 1177 2015 τόν
1216 1954 1463 2015 Αἰθίοπα
1504 1952 1567 2023 ἐξ
1591 1953 1895 2033 Αἰγύπτου,
1916 1954 2032 2013 140

335 2036 489 2105 αὖτις
521 2040 622 2101 τᾶν
653 2041 874 2118 τυφλόν
906 2039 1098 2121 ἄρχειν
1132 2046 1193 2101 ἐκ
1232 2045 1342 2101 τῶν
1376 2040 1547 2099 ἐλέων
1579 2038 1933 2118 ἀπικόμενον,

336 2127 467 2188 ἔνθα
506 2130 848 2207 πεντήκοντα
887 2130 1028 2199 ἔτεα,
1059 2132 1237 2203 νῆσον
1276 2126 1470 2206 χώσας
1509 2126 1704 2204 σποδῷ
1740 2152 1804 2187 τε
1841 2128 1936 2187 καὶ

331 2219 425 2295 γῇ,
455 2218 616 2278 οἴκεε·
657 2217 797 2281 ὅκως
827 2216 936 2299 γάρ
974 2219 1028 2277 οἰ
1060 2220 1268 2292 φοιτᾶν
1307 2218 1469 2274 σῖτον
1498 2212 1737 2294 ἄγοντας
1767 2215 1933 2295 Αἰγυ-

331 2305 506 2366 πτίων
526 2305 598 2369 ὦς
616 2306 905 2367 ἑκάστοισι
920 2302 1340 2383 προστετάχθαι
1368 2304 1505 2383 σιγῇ
1524 2304 1626 2362 τοῦ
1648 2302 1932 2374 Αἰθίοπος,

333 2395 390 2455 ἐς
421 2392 526 2470 τήν
555 2394 762 2471 δωρεὴν
793 2392 1036 2454 κελεύειν
1069 2391 1255 2468 σφέας
1290 2391 1383 2450 καὶ
1420 2390 1635 2451 σποδὸν
1670 2390 1931 2467 κομίζειν.

329 2479 536 2556 ταύτην
563 2481 669 2558 τήν
703 2484 882 2556 νῆσον
913 2479 1090 2543 οὐδεὶς
1120 2479 1391 2557 πρότερον
1427 2477 1702 2555 ἐδυνάσθη
1725 2477 1931 2558 Ἀμυρ-

328 2568 488 2628 ταίου
529 2570 784 2647 ἐξευρεῖν·
849 2566 1004 2629 άλλοὶ
1045 2568 1169 2627 ἔτεα
1211 2568 1303 2627 ἐπὶ
1344 2568 1499 2627 πλέω
1542 2564 1579 2642 ἢ
1622 2568 1931 2628 ἑπτακόσια

331 2654 430 2713 οὐκ
463 2656 576 2716 οἶοί
609 2683 671 2717 τε
710 2656 859 2733 ἦσαν
886 2654 1060 2731 αὐτὴν
1090 2655 1337 2735 α’,νευρεῖν
1378 2658 1433 2715 οἰ
1473 2653 1734 2730 πρότεροι
1772 2652 1928 2735 γενό-

327 2767 485 2818 μενοι
535 2746 808 2822 βασιλέες
843 2743 1203 2822 Ἀμυρταίου·
1272 2742 1483 2818 οὔνομα
1535 2740 1597 2800 δὲ
1638 2738 1811 2816 ταύτῃ
1855 2740 1929 2818 τῇ

325 2830 480 2911 νήσω
505 2832 720 2911 Ἐλβώ·
761 2834 1006 2913 μέγαθος
1030 2826 1076 2890 δ’
1104 2832 1230 2892 ἐστὶ
1254 2830 1434 2939 πάντη
1462 2828 1595 2887 δέκα
1621 2826 1881 2885 σταδίων.

406 2922 572 2982 Μετα
592 2922 652 2981 δε
676 2926 892 2990 τοῦτον,
907 2921 1261 2997 βασιλεῦσαι
1285 2916 1383 2977 τόν
1411 2916 1531 2993 ἱρέα
1555 2917 1657 2973 τοῦ
1677 2912 1886 2988 Ηφαί-
1906 2912 2015 2973 141

322 3032 466 3068 στου
496 3013 576 3089 τῷ
609 3035 821 3086 ουνομα
854 3008 994 3069 εἶναι
1019 3006 1225 3071 Σεθῶν·
1265 3003 1366 3065 τόν
1394 3007 1452 3063 ἐν
1483 3000 1811 3082 άλογίῃσι”
1781 3024 1927 3079 εχειν

320 3098 834 3177 παραχρησάμενον
865 3098 977 3156 τῶν
1006 3094 1268 3173 μαχίμων
1300 3090 1630 3171 Αἰγυπτίων,
1660 3116 1733 3153 ως
1769 3084 1925 3147 οὐδὲν

321 3182 662 3262 δεησόμενον
701 3184 896 3245 αυτῶν·
951 3180 1106 3241 ἄλλα
1145 3205 1207 3239 τε
1247 3179 1315 3255 δή
1357 3203 1527 3254 ατιμα
1564 3180 1824 3237 ποιεῦντα
1868 3178 1925 3237 ἐς

321 3269 538 3387 afirovle,
562 3300 655 3335 και
643 3274 866 3347 ’σφεας
890 3268 1205 3329 ἀπελέσθαι
1231 3266 1333 3329 τοὶς
1365 3264 1621 3343 ἀρούρας,
1646 3289 1801 3324 τοισι
1830 3261 1923 3322 ἐπὶ

511 3350 539 3391 5
