2250 3500
320 135 602 202 157-160]
1000 138 1270 189 omnm.
1817 138 1916 194 277

315 218 739 295 Βαβυλωνίοισι
792 217 1054 295 Ζώπυρος
1108 218 1202 278 καὶ
1249 220 1608 301 στρατάρχης
1650 245 1714 281 τε
1761 217 1922 285 οὗτός

315 313 430 382 σφι
470 307 561 365 καὶ
591 304 943 385 τειχοφύλαξ
980 304 1332 367 ἀπεδέδεκτο.
1417 307 1778 386 Προσβολῆν
1818 308 1878 367 δὲ
1900 310 2016 370 158

318 396 563 471 Δαρείου
606 394 747 454 κατὰ,
788 392 861 453 τοὶ
903 394 1242 475 συγκείμενα
1283 397 1610 472 ποιευμένου
1652 395 1818 474 πέριξ
1851 395 1920 457 τὸ

317 486 523 561 τεῖχος,
552 482 791 543 ἐνθαῦτα
818 480 887 556 δή
914 480 1098 541 πάντα
1123 481 1224 542 τᾶν
1249 482 1421 543 δόλον
1452 482 1486 543 ὅ
1517 483 1780 561 Ζώπυρος
1809 484 1920 554 ἐξέ-

316 575 503 646 φαινε·
561 573 615 630 οἱ
655 572 761 646 μὲν
800 567 931 651 γάρ·
959 568 1320 645 Βαβυλώνιοι
1363 568 1674 646 ἀναβάντες
1719 571 1814 630 ἐπὶ
1853 569 1921 631 r&

313 661 515 737 τεῖχος,
557 657 835 733 η’μύνοντο
877 656 983 732 τήν
1026 656 1269 733 Δαρείου
1311 656 1582 734 στρατιὴν
1620 657 1921 735 προσβάλ-

314 748 553 806 λουσαν·
596 744 629 805 ὁ
663 744 722 803 δὲ
754 743 1015 822 Ζώπυρος
1040 744 1142 808 τάς
1171 770 1234 804 τε
1267 746 1520 808 Κισσίας
1551 746 1645 805 καὶ
1675 745 1922 821 Βηλίδας

317 832 657 909 καλεομένας
692 832 878 895 πύλας
914 830 1287 902 ἀναπετάσας,
1321 836 1491 909 ἐσῆκε
1523 831 1654 897 τούς
1690 834 1922 910 Πέρσας

317 923 374 982 ἐς
407 920 474 980 τὰ
517 922 721 998 τεῖχος·
767 923 879 979 τῶν
916 919 978 979 δὲ
1013 921 1392 995 Βαβυλωνίων
1430 919 1486 980 οἳ
1525 922 1632 999 μὲν
1675 920 1820 982 εἶδον
1851 920 1919 981 τὸ

315 1009 549 1083 ποιηθὲν
588 1006 743 1068 οὗτοι
779 1008 1017 1089 ἔφευγον
1059 1012 1115 1071 ἐς
1155 1012 1260 1067 τοῦ
1296 1004 1435 1073 Διδς
1472 1013 1576 1069 τοῦ
1619 1008 1814 1085 Βήλου
1851 1008 1920 1069 τό

318 1093 454 1172 ῑρόν,
478 1096 530 1155 οἳ
550 1097 610 1155 δὲ
631 1094 730 1155 οὐκ
752 1094 901 1156 εἶδον
920 1096 1112 1172 ἔμενον
1128 1100 1187 1156 ἔν
1204 1099 1277 1175 τῇ
1298 1100 1499 1158 ἑωυτοῦ
1517 1096 1646 1170 τάξι
1667 1099 1921 1169 ἕκαστος,

317 1186 374 1245 ἐς
400 1181 435 1241 ὃ
460 1182 529 1259 δὴ
558 1183 651 1243 καὶ
679 1180 833 1243 οὗτοι
859 1183 1068 1260 ἔμαθον
1091 1184 1506 1261 προδεδομένοι.

400 1269 683 1346 Βαβυλὼν
734 1271 839 1347 μέν
894 1296 991 1331 νυν
1044 1270 1186 1335 οὕτω
1237 1270 1305 1331 τὰ
1360 1270 1613 1348 δεύτερον
1663 1273 1877 1349 αἱρέθη.
1899 1273 2014 1331 159

318 1362 557 1434 Δαρεῖος
582 1359 643 1417 δὲ
669 1358 792 1418 ε’πεί
811 1383 875 1418 τε
902 1356 1177 1435 ἐκράτησε
1201 1362 1314 1418 τῶν
1337 1360 1732 1435 Βαβυλωνίων,
1752 1364 1921 1419 τοῦτο

316 1446 423 1522 μέν
449 1452 642 1523 σφεων
665 1445 733 1506 τὰ
757 1449 945 1524 τεῖχος
975 1448 1222 1521 περιεῖλε
1254 1444 1346 1503 καὶ
1379 1445 1481 1508 ταῖς
1513 1444 1697 1509 πύλας
1729 1445 1920 1529 πάσας

318 1531 643 1594 α’πέσπασε·
682 1533 749 1593 τό
780 1532 891 1614 γὰρ
917 1530 1190 1610 πρότερον
1207 1530 1358 1593 ’ἐλῶν
1390 1534 1577 1610 Κῦρος
1600 1531 1704 1607 τὴν
1729 1534 1919 1608 Βαβυ-

319 1623 475 1680 λῶνα
501 1621 732 1698 ἐποίησε
756 1619 966 1681 τούτων
991 1617 1298 1698 οὐδέτερον·
1338 1623 1506 1681 τοῦτο
1539 1620 1599 1681 δὲ
1623 1619 1656 1681 ὁ
1685 1624 1920 1699 Δαρεῖος

316 1711 429 1770 τῶν
453 1707 665 1787 ἀνδρῶν
688 1706 821 1773 τοῦς
845 1708 1183 1787 κορυφαίους
1207 1706 1467 1788 μάλιστα
1494 1713 1550 1774 ἐς
1572 1708 1921 1790 τρισχιλίους

318 1795 754 1867 ἀνεσκολόπισε,
778 1799 935 1857 τοῖσι
969 1797 1028 1856 δὲ
1054 1799 1314 1858 λοιποῖσι
1337 1797 1762 1874 Βαβυλωνίοισι
1786 1797 1920 1856 ἀπέ-

320 1883 458 1943 δωκε
494 1884 601 1960 τὴν
639 1885 809 1945 πόλιν
848 1884 1061 1944 οἰκέειν.
1131 1883 1202 1947 ὦς
1241 1883 1288 1942 δ’
1330 1883 1522 1954 ἕξουσι
1557 1888 1822 1965 γυναῖκας
1862 1888 1917 1944 οἱ

320 1971 681 2047 Βαβυλώνιοι
712 1971 801 2031 ἵνα
828 1978 941 2049 σφι
963 1971 1128 2052 γένεα
1153 1969 1500 2050 ὑπογίνηται,
1525 1970 1660 2030 τάδε
1685 1975 1922 2048 Δαρεῖος

319 2060 562 2136 προῖδῶν
588 2060 837 2136 ἐποίησε·
866 2058 968 2123 τοὶς
992 2057 1103 2140 γοῖρ
1132 2060 1358 2129 ἑωυτῶν,
1387 2056 1459 2121 ὥς
1485 2057 1576 2116 καὶ
1603 2057 1721 2117 κατ’
1741 2056 1921 2137 οἷρχοῖς

320 2147 641 2224 δεδήλωται,
668 2147 975 2217 ἀπέπνιξαν
1000 2148 1054 2206 οἱ
1079 2143 1440 2221 Βαβυλώνιοι
1470 2148 1572 2204 τοῦ
1597 2145 1760 2204 σίτου
1786 2170 1920 2222 προ-

322 2237 597 2312 ορέωντες·
640 2235 870 2306 ἐπέταξε
892 2239 1047 2295 τοῖσι
1077 2233 1414 2311 περιοίκοισι
1451 2233 1635 2293 ἔθνεσι
1659 2235 1923 2314 γυναῖκας

322 2327 377 2387 ἐς
402 2325 724 2400 Βαβυλῶνα
750 2321 1091 2392 κατιστάναι,
1113 2320 1255 2384 ὅσας
1281 2320 1349 2397 δὴ
1373 2320 1664 2382 ἑκάστοισι
1692 2318 1919 2381 ἐπιτάσ-

320 2437 439 2472 σων
474 2411 620 2473 ὥστε
654 2413 820 2472 πέντε
853 2409 1132 2488 μυριάδων
1164 2407 1233 2469 τό
1273 2409 1643 2487 κεφαλαίωμα
1679 2413 1792 2470 τῶν
1819 2435 1917 2492 γυ-

320 2504 522 2559 ναικῶν
548 2500 815 2576 συνῆλθε·
860 2503 919 2558 ἐκ
945 2497 1182 2558 τουτέων
1213 2497 1272 2557 δὲ
1307 2502 1416 2558 τῶν
1440 2502 1712 2580 γυναικῶν
1735 2500 1790 2558 οἳ
1823 2501 1920 2558 νῦν

320 2586 678 2663 Βαβυλώνιοι
704 2586 991 2669 γεγόνασι.

405 2675 669 2754 Ζωπύρου
696 2676 755 2735 δὲ
788 2673 963 2737 οὐδεὶς
993 2672 1366 2755 ἀγαθοεργίην
1392 2673 1660 2750 Περσέων
1690 2671 1880 2749 ὖπερε-
1900 2673 2014 2731 160

318 2762 541 2839 βάλετο
574 2763 728 2841 παροῖ
754 2762 971 2842 Δαρείῳ
999 2764 1178 2840 κριτῇ,
1207 2759 1333 2820 οὔτε
1366 2763 1476 2819 τῶν
1505 2758 1743 2836 ὕστερον
1766 2784 1921 2840 γενο-

317 2851 499 2928 μένων
545 2849 671 2910 οὔτε
716 2854 828 2910 τῶν
869 2847 1142 2925 πρότερον
1188 2845 1276 2906 ὅτι
1324 2845 1410 2922 μὴ
1460 2849 1651 2922 Κῦρος
1693 2849 1917 2922 μοῦνος·

318 2937 496 3018 τούτῳ
526 2936 639 3020 γοῖρ
675 2936 853 3001 οὐδεὶς
889 2935 1158 3012 Περσέων
1190 2932 1402 3008 η’ξίωσέ
1429 2958 1504 2991 κω
1540 2930 1740 2992 ἑωυτόν
1780 2957 1920 3007 συμ-

316 3026 573 3101 βαλέειν.
631 3023 911 3088 πολλάκις
930 3023 990 3082 δὲ
1010 3023 1250 3099 Δαρεῖον
1269 3021 1495 3101 λέγεται
1511 3018 1739 3102 γνώμην
1756 3019 1921 3094 τήνδε

319 3113 721 3183 ἀποδέξασθαι,
749 3111 820 3176 ὥς
843 3109 1118 3188 βούλοιτο
1149 3107 1219 3169 ἂν
1245 3107 1510 3184 Ζώπυρον
1536 3107 1674 3166 εἶναι
1704 3105 1924 3165 ἀπαθέα

317 3203 422 3277 τῆς
448 3199 684 3277 αἐικείης
708 3194 1011 3278 μᾶλλον,ἢ
1038 3195 1387 3272 Βαβυλῶνάς
1413 3197 1466 3254 οἳ
1488 3195 1668 3255 εἴκοσι
1691 3191 1833 3270 πρὸς
1849 3195 1922 3271 τῇ

322 3286 497 3367 ἐούσῃ
522 3286 961 3369 προσγενέσθαι.
1033 3283 1264 3360 ἐτίμησε
1295 3282 1358 3342 δέ
1389 3307 1486 3359 μιν
1514 3281 1790 3363 μεγάλως·
1832 3279 1925 3338 καὶ
