2250 3500
350 84 427 143 15,
457 82 545 147 16]
1020 84 1290 135 eAAmA.
1847 84 1940 136 207

341 167 566 240 πρῶτον
589 162 989 221 κατακοπέντα·
1032 160 1202 221 αὐτόν
1227 162 1288 221 δὲ
1311 162 1678 239 Ψαμμήνιτον
1701 161 1943 238 α’ναστή-

344 275 547 313 σαντες
590 247 731 329 ἦγον
781 247 939 325 παρὰ
982 248 1332 324 Καμβύσεα·
1415 250 1547 309 ἔνθα
1590 253 1693 309 τοῦ
1740 253 1945 309 λοιποῦ

346 337 595 399 διαιτᾶτο
623 338 763 414 ἔχων
797 333 957 395 οὐδὲν
992 334 1204 411 βίαιον·
1246 340 1296 395 εἰ
1331 336 1391 395 δὲ
1427 337 1520 395 καὶ
1549 336 1836 413 ἠπιστήθη
1861 336 1942 414 μή

344 427 854 504 πολυπρηγμονεῖν,
896 420 1159 499 ἀπέλαβε
1199 421 1268 483 ἂν
1307 422 1592 503 Αἴγυπτον
1644 423 1788 484 ὥστε
1829 430 1942 484 ε’πι-

343 511 632 589 τροπεύειν
677 508 866 585 αὖτῆς·
944 508 1063 569 ἐπεὶ
1102 513 1274 586 τιμᾶν
1321 510 1529 570 ε’ὥθασι
1571 512 1796 587 Πέρσαι
1835 516 1946 572 τῶν

342 600 637 676 βασιλέων
664 597 795 661 τούς
826 596 1047 660 παῖδας·
1086 600 1216 667 τῶν,
1246 595 1317 673 ἣν
1348 598 1446 656 καί
1477 602 1670 672 σφεων
1703 596 1944 657 οἷποστέ-

344 712 469 757 ωσι,
520 684 667 763 ὅμως
714 684 874 745 τοῖσί
911 710 980 766 γε
1024 685 1195 743 παισὶ
1238 683 1418 744 αὐτῶν
1471 683 1802 743 ἀποδιδοῦσι
1840 685 1946 761 τὴν

345 773 543 851 ἀρχήν·
584 774 863 833 πολλοῖσι
885 772 991 849 μέν
1019 797 1116 832 νυν
1143 772 1236 831 καὶ
1271 770 1514 831 ἄλλοισί
1535 776 1660 831 ἔστι
1686 772 1945 847 σταθμώ-

346 861 579 929 σασθαι,
608 858 695 919 ὅτι
717 862 887 919 τοῦτο
921 858 1063 918 οὕτω
1096 860 1421 935 νενομίκασι
1447 860 1670 931 ποιέειν,
1699 864 1758 919 ἐν
1783 860 1844 919 δὲ
1870 859 1940 937 δή

348 948 443 1006 καὶ
465 947 618 1025 τῷδε,
643 950 721 1024 τῷ
754 946 973 1022 Λίβυος
1005 944 1200 1023 Ἰνάρω
1232 947 1392 1007 παιδὶ
1421 945 1694 1025 Θαννύρᾳ,
1720 947 1783 1011 ὃς
1811 945 1946 1008 α’,πέ-

344 1035 497 1111 λαβε
520 1033 625 1111 τήν
648 1037 705 1093 οἱ
729 1032 763 1093 ὅ
786 1032 975 1109 πατήρ
1002 1032 1120 1112 εἶχε
1146 1032 1347 1113 ἀρχήν·
1387 1035 1480 1094 καὶ
1503 1037 1582 1113 τῷ
1605 1034 1944 1113 Ἀμυρταίου

346 1123 615 1199 Παυσίρι·
670 1121 763 1180 καὶ
800 1120 911 1200 γὰρ
952 1116 1115 1183 οὗτος
1153 1120 1414 1197 ἀπέλαβε
1451 1120 1558 1197 τήν
1593 1126 1695 1182 τοῦ
1733 1123 1945 1200 πατρὸς

348 1208 546 1288 ἀρχήν.
589 1208 769 1268 καίτοι
791 1206 985 1284 Ἰνάρω
1015 1232 1078 1267 τε
1114 1208 1208 1267 καὶ
1232 1206 1570 1285 Ἀμυρταίου
1607 1209 1846 1287 οὐδαμοί
1868 1237 1945 1270 κω

347 1298 579 1374 Πέρσας
628 1294 771 1355 κακαὶΙ
818 1296 975 1355 πλέω
1028 1293 1361 1375 ἐργάσαντο.
1442 1299 1540 1356 νῦν
1585 1295 1646 1354 δὲ
1688 1297 1944 1374 μηχανώ-

347 1407 511 1459 μενος
548 1381 691 1442 κακᾶ
726 1381 760 1442 0⁸
793 1379 1160 1458 Ψαμμήνιτος
1194 1382 1375 1456 ἔλαβε
1411 1380 1514 1443 τᾶν
1551 1382 1780 1458 μισθόν·
1821 1382 1945 1442 άπι-

349 1469 490 1533 στοὶς
540 1470 649 1551 γὰρ
702 1468 1039 1548 Αἰγυπτίους
1076 1466 1217 1544 ἦλω·
1299 1468 1427 1529 ε’πεί
1471 1494 1534 1529 τε
1580 1470 1641 1528 δὲ
1681 1469 1944 1533 ἑπάῖστος

350 1557 565 1637 ἐγένετο
588 1555 701 1617 ὖπδ
733 1553 1081 1632 Καμβύσεω,
1109 1554 1250 1632 αἷμα
1285 1555 1490 1634 ταύρου
1528 1558 1670 1617 πιών
1705 1555 1946 1619 ἀπέθανε

347 1648 711 1723 παραχρῆμα.
794 1641 935 1701 οὕτω
962 1641 1031 1717 δή
1060 1639 1224 1706 οὗτος
1251 1644 1598 1721 ἐτελεύτησε.

430 1730 757 1809 Καμβύσης
782 1730 843 1792 δὲ
867 1734 929 1789 ἐκ
954 1730 1222 1807 Μέμφιος
1256 1730 1485 1793 ἀπίκετο
1513 1738 1568 1798 ἐς
1594 1731 1733 1799 Σάϊν
1757 1732 1943 1805 πόλιν,
1964 1734 2038 1794 16

346 1819 697 1896 βουλόμενος
748 1821 989 1893 ποιῆσαι
1036 1819 1107 1878 τὰ
1149 1818 1217 1893 δὴ
1259 1820 1352 1878 καὶ
1391 1823 1640 1897 ἐποίησε.
1725 1823 1849 1882 ε’πεί
1881 1847 1945 1882 τε

349 1905 459 1986 γὰρ
488 1907 699 1982 ε’σῆλθε
726 1910 781 1968 ἐς
805 1904 879 1965 ταῖ
904 1909 1003 1965 τοῦ
1022 1904 1298 1981 Ἀμάσιος
1326 1909 1488 1978 οἰκία,
1509 1908 1706 1968 αὐτίκα
1730 1910 1946 1968 ἐκέλευε

350 1998 411 2052 ἐκ
436 1996 537 2069 τῆς
569 1997 757 2069 ταφῆς
788 1991 890 2052 τᾶν
924 1991 1201 2068 Ἀμάσιος
1238 1993 1396 2052 νέκυν
1433 1995 1686 2070 ἐκφέρειν
1714 1995 1831 2062 ἔξω·
1874 1993 1946 2058 ὥς

349 2079 411 2140 δὲ
460 2080 637 2140 ταῦτα’.
675 2083 730 2141 οἱ
768 2081 1027 2140 ἐπιτελέα
1082 2079 1316 2159 ἐγένετο,
1355 2083 1670 2159 μαστιγοῦν
1709 2080 1943 2152 ἐκέλευε,

350 2169 443 2227 καὶ
466 2168 567 2231 τὰς
590 2168 785 2247 τρίχας
808 2166 1156 2236 ἀποτίλλειν,
1185 2166 1278 2224 καὶ
1303 2170 1527 2227 κεντοῦν
1551 2190 1615 2226 τε
1641 2167 1733 2225 καὶ
1757 2165 1946 2226 τᾶλλα

348 2255 535 2317 πάντα
572 2256 963 2333 λυμαίνεσθαι·
1036 2253 1162 2313 ε’πεί
1193 2279 1258 2314 τε
1297 2254 1358 2314 δὲ
1398 2254 1490 2313 καὶ
1527 2257 1704 2314 ταῦτα
1743 2254 1947 2333 ἔκαμον

348 2348 644 2413 ποιεῦντες,
690 2342 747 2422 (ὁ
798 2343 909 2424 γοὶρ
964 2340 1031 2418 δή
1080 2340 1289 2419 νεκρὸς,
1336 2339 1437 2402 ἅτε
1478 2343 1944 2422 τεταριχευμένος,

350 2430 574 2510 οἷντεῖχέ
594 2455 657 2490 τε
684 2430 775 2490 καὶ
807 2429 964 2490 οῦδὲν
996 2430 1281 2509 διεχέετο,)
1308 2431 1571 2492 ε’κέλευσέ
1598 2456 1696 2506 μιν
1726 2431 1758 2491 ὁ
1787 2437 1947 2509 Καμ-

350 2515 539 2594 βύσης
570 2521 935 2586 κατακαῦσαι,
974 2516 1369 2593 ἐντελλόμενος
1402 2516 1502 2578 οὐκ
1533 2517 1684 2578 ὅσια·
1726 2521 1950 2596 Πέρσαι

349 2602 460 2684 γὰρ
487 2604 615 2664 θεόν
656 2604 947 2680 νομίζουσι
982 2603 1123 2663 εἶναι
1147 2608 1279 2682 πῦρ·
1318 2603 1388 2666 τὸ
1429 2602 1504 2665 ὧν
1529 2605 1843 2664 κατακαίειν
1881 2631 1949 2686 γε

349 2690 481 2754 τοῦς
532 2691 757 2769 νεκρούς
808 2690 1059 2767 οὐδαμῶς
1099 2695 1159 2750 ἐν
1207 2690 1358 2770 νόμῳ
1411 2689 1755 2767 οὗδετέροισί
1805 2696 1948 2750 ε’στι·

352 2779 618 2857 Πέρσῃσι
643 2780 764 2856 μὲν,
792 2777 859 2836 δι’
901 2777 1039 2856 ὅπερ
1074 2777 1302 2854 εἴρηται,
1332 2778 1438 2855 θεῷ
1475 2776 1539 2836 οὗ
1575 2776 1786 2836 δίκαιον
1811 2777 1950 2836 εἶναι

350 2865 612 2945 λέγοντες
654 2866 838 2941 νέμειν
877 2864 1071 2941 νεκρὸν
1111 2864 1424 2941 ἀνθρώπου·
1491 2863 1850 2944 Αἰγυπτίοισι
1889 2863 1950 2924 δὲ

351 2953 679 3029 νενόμισται
702 2956 815 3030 πῦρ
841 2953 1034 3030 θηρίον
1060 2950 1200 3011 εἶναι
1226 2952 1493 3028 ἔμψυχον,
1520 2949 1706 3010 πάντα
1731 2950 1790 3010 δὲ
1815 2949 1950 3011 adv&

351 3041 667 3101 κατεσθίειν
702 3040 777 3100 τοί
814 3063 920 3116 περ
960 3037 1028 3098 ἂν
1072 3038 1236 3116 λάβῃ
1275 3038 1533 3112 πλησθὲν
1573 3036 1634 3094 δὲ
1673 3035 1809 3096 αὐτό
1848 3040 1952 3112 τῆς

349 3125 535 3204 βορῆς
592 3125 1074 3200 συναποθνήσκειν
1131 3129 1208 3202 τῷ
1271 3123 1700 3202 κατεσθιομένῳ·
1780 3123 1954 3188 οὔκων

350 3211 603 3290 θηρίοισι
628 3211 799 3292 νόμος
824 3211 1076 3288 οὐδαμῶς
1111 3211 1230 3286 σφί
1255 3215 1380 3270 ἐστι
1413 3210 1513 3270 τόν
1544 3210 1703 3270 νέκυν
1727 3209 1952 3272 διδόναι·
