<?xml version="1.0" encoding="UTF-8"?>
<!DOCTYPE html PUBLIC "-//W3C//DTD XHTML 1.0 Transitional//EN"
    "http://www.w3.org/TR/xhtml1/DTD/xhtml1-transitional.dtd">
<html xmlns="http://www.w3.org/1999/xhtml" xml:lang="en" lang="en">
 <head>
  <title>
</title>
<meta http-equiv="Content-Type" content="text/html;charset=utf-8" />
  <meta name='ocr-system' content='tesseract 3.04.00' />
  <meta name='ocr-capabilities' content='ocr_page ocr_carea ocr_par ocr_line ocrx_word'/>
</head>
<body>
  <div class='ocr_page' id='page_1' title='image "./herodotus04blakgoog_0089.png"; bbox 0 0 2250 3500; ppageno 0'>
   <div class='ocr_carea' id='block_1_1' title="bbox 311 130 1929 1171">
    <p class='ocr_par' dir='ltr' id='par_1_1' title="bbox 311 130 1929 1171">
     <span class='ocr_line' id='line_1_1' title="bbox 317 130 1923 194; baseline 0.002 -14"><span class='ocrx_word' id='word_1_1' title='bbox 317 130 600 194; x_wconf 78' lang='lat'>138-142]</span> <span class='ocrx_word' id='word_1_2' title='bbox 1012 131 1241 184; x_wconf 72' lang='lat' dir='ltr'><strong>mmm.</strong></span> <span class='ocrx_word' id='word_1_3' title='bbox 1860 131 1923 184; x_wconf 78' lang='lat'>71</span> 
     </span>
     <span class='ocr_line' id='line_1_2' title="bbox 311 211 1921 323; baseline 0.002 -53"><span class='ocrx_word' id='word_1_4' title='bbox 311 235 414 274; x_wconf 90' lang='grc' dir='ltr'>τας</span> <span class='ocrx_word' id='word_1_5' title='bbox 455 214 653 270; x_wconf 81' lang='grc' dir='ltr'>ταῦτα·</span> <span class='ocrx_word' id='word_1_6' title='bbox 705 211 993 323; x_wconf 70' lang='grc' dir='ltr'>ἐμφανέως</span> <span class='ocrx_word' id='word_1_7' title='bbox 1031 212 1145 293; x_wconf 73' lang='grc' dir='ltr'>γὰρ</span> <span class='ocrx_word' id='word_1_8' title='bbox 1186 212 1257 290; x_wconf 76' lang='grc' dir='ltr'>δὴ</span> <span class='ocrx_word' id='word_1_9' title='bbox 1296 214 1566 296; x_wconf 71' lang='grc' dir='ltr'>ποιευ“σι·)</span> <span class='ocrx_word' id='word_1_10' title='bbox 1604 213 1921 292; x_wconf 72' lang='grc' dir='ltr'>κατακηρώ-</span> 
     </span>
     <span class='ocr_line' id='line_1_3' title="bbox 313 297 1925 382; baseline 0.003 -24"><span class='ocrx_word' id='word_1_11' title='bbox 313 323 520 362; x_wconf 77' lang='grc' dir='ltr'>σαντες</span> <span class='ocrx_word' id='word_1_12' title='bbox 549 297 688 374; x_wconf 77' lang='grc' dir='ltr'>δή’</span> <span class='ocrx_word' id='word_1_13' title='bbox 647 325 722 359; x_wconf 88' lang='grc' dir='ltr'>ων</span> <span class='ocrx_word' id='word_1_14' title='bbox 743 299 844 360; x_wconf 77' lang='grc' dir='ltr'>τᾶν</span> <span class='ocrx_word' id='word_1_15' title='bbox 868 301 1028 360; x_wconf 80' lang='grc' dir='ltr'>νέκυν</span> <span class='ocrx_word' id='word_1_16' title='bbox 1053 301 1281 377; x_wconf 81' lang='grc' dir='ltr'>Πέρσαι</span> <span class='ocrx_word' id='word_1_17' title='bbox 1297 305 1375 382; x_wconf 78' lang='grc' dir='ltr'>γῇ</span> <span class='ocrx_word' id='word_1_18' title='bbox 1403 301 1729 378; x_wconf 83' lang='grc' dir='ltr'>κρύπτουσι.</span> <span class='ocrx_word' id='word_1_19' title='bbox 1796 300 1925 380; x_wconf 79' lang='grc' dir='ltr'>(μά-</span> 
     </span>
     <span class='ocr_line' id='line_1_4' title="bbox 313 386 1927 469; baseline 0.002 -23"><span class='ocrx_word' id='word_1_20' title='bbox 313 413 410 468; x_wconf 88' lang='grc' dir='ltr'>γοι</span> <span class='ocrx_word' id='word_1_21' title='bbox 445 387 506 446; x_wconf 84' lang='grc' dir='ltr'>δὲ</span> <span class='ocrx_word' id='word_1_22' title='bbox 537 386 900 465; x_wconf 78' lang='grc' dir='ltr'>κεχωρίδαται</span> <span class='ocrx_word' id='word_1_23' title='bbox 927 386 1159 448; x_wconf 78' lang='grc' dir='ltr'>πολλόιι</span> <span class='ocrx_word' id='word_1_24' title='bbox 1174 393 1287 450; x_wconf 74' lang='grc' dir='ltr'>τῶν</span> <span class='ocrx_word' id='word_1_25' title='bbox 1311 413 1376 448; x_wconf 88' lang='grc' dir='ltr'>τε</span> <span class='ocrx_word' id='word_1_26' title='bbox 1402 389 1593 451; x_wconf 81' lang='grc' dir='ltr'>ἀλλων</span> <span class='ocrx_word' id='word_1_27' title='bbox 1625 390 1927 469; x_wconf 87' lang='grc' dir='ltr'>ἀνθρωπων</span> 
     </span>
     <span class='ocr_line' id='line_1_5' title="bbox 317 475 1929 560; baseline 0.004 -26"><span class='ocrx_word' id='word_1_28' title='bbox 317 476 412 534; x_wconf 87' lang='grc' dir='ltr'>καὶ</span> <span class='ocrx_word' id='word_1_29' title='bbox 449 478 560 536; x_wconf 75' lang='grc' dir='ltr'>τῶν</span> <span class='ocrx_word' id='word_1_30' title='bbox 601 481 662 536; x_wconf 80' lang='grc' dir='ltr'>ἐν</span> <span class='ocrx_word' id='word_1_31' title='bbox 701 475 965 556; x_wconf 75' lang='grc' dir='ltr'>Αἰγύπτῳ</span> <span class='ocrx_word' id='word_1_32' title='bbox 1007 476 1182 553; x_wconf 77' lang='grc' dir='ltr'>ἱρέων·</span> <span class='ocrx_word' id='word_1_33' title='bbox 1238 478 1294 538; x_wconf 75' lang='grc' dir='ltr'>οἱ</span> <span class='ocrx_word' id='word_1_34' title='bbox 1330 478 1435 553; x_wconf 79' lang='grc' dir='ltr'>μὲν</span> <span class='ocrx_word' id='word_1_35' title='bbox 1475 477 1585 557; x_wconf 74' lang='grc' dir='ltr'>γὰρ</span> <span class='ocrx_word' id='word_1_36' title='bbox 1631 477 1929 560; x_wconf 85' lang='grc' dir='ltr'>ἀγνεύουσι</span> 
     </span>
     <span class='ocr_line' id='line_1_6' title="bbox 319 563 1925 644; baseline 0.004 -23"><span class='ocrx_word' id='word_1_37' title='bbox 319 564 573 642; x_wconf 84' lang='grc' dir='ltr'>ἔμψυχον</span> <span class='ocrx_word' id='word_1_38' title='bbox 601 563 777 640; x_wconf 83' lang='grc' dir='ltr'>μηδὲν</span> <span class='ocrx_word' id='word_1_39' title='bbox 819 564 1048 625; x_wconf 80' lang='grc' dir='ltr'>κτείνειν</span> <span class='ocrx_word' id='word_1_40' title='bbox 1083 567 1135 624; x_wconf 81' lang='grc' dir='ltr'>εἶ</span> <span class='ocrx_word' id='word_1_41' title='bbox 1166 564 1249 642; x_wconf 76' lang='grc' dir='ltr'>μὴ</span> <span class='ocrx_word' id='word_1_42' title='bbox 1286 564 1401 625; x_wconf 85' lang='grc' dir='ltr'>ὅσα</span> <span class='ocrx_word' id='word_1_43' title='bbox 1427 565 1643 626; x_wconf 82' lang='grc' dir='ltr'>θύουσι·</span> <span class='ocrx_word' id='word_1_44' title='bbox 1686 570 1740 627; x_wconf 82' lang='grc' dir='ltr'>οἱ</span> <span class='ocrx_word' id='word_1_45' title='bbox 1764 567 1823 626; x_wconf 80' lang='grc' dir='ltr'>δὲ</span> <span class='ocrx_word' id='word_1_46' title='bbox 1854 566 1925 644; x_wconf 69' lang='grc' dir='ltr'>ὃν)</span> 
     </span>
     <span class='ocr_line' id='line_1_7' title="bbox 316 650 1928 732; baseline 0.002 -22"><span class='ocrx_word' id='word_1_47' title='bbox 316 650 493 732; x_wconf 81' lang='grc' dir='ltr'>μάγοι</span> <span class='ocrx_word' id='word_1_48' title='bbox 532 650 850 731; x_wconf 81' lang='grc' dir='ltr'>αυτοχειρίῃ</span> <span class='ocrx_word' id='word_1_49' title='bbox 888 650 1074 711; x_wconf 77' lang='grc' dir='ltr'>πάντα</span> <span class='ocrx_word' id='word_1_50' title='bbox 1111 651 1269 728; x_wconf 78' lang='grc' dir='ltr'>πλὴν</span> <span class='ocrx_word' id='word_1_51' title='bbox 1308 651 1469 716; x_wconf 72' lang='grc' dir='ltr'>κυνός</span> <span class='ocrx_word' id='word_1_52' title='bbox 1509 653 1602 712; x_wconf 84' lang='grc' dir='ltr'>καὶ</span> <span class='ocrx_word' id='word_1_53' title='bbox 1635 652 1928 731; x_wconf 73' lang='grc' dir='ltr'>ἀνθρώπου</span> 
     </span>
     <span class='ocr_line' id='line_1_8' title="bbox 319 737 1928 821; baseline 0.002 -23"><span class='ocrx_word' id='word_1_54' title='bbox 319 740 614 809; x_wconf 85' lang='grc' dir='ltr'>κτείνουσι,</span> <span class='ocrx_word' id='word_1_55' title='bbox 644 740 738 798; x_wconf 83' lang='grc' dir='ltr'>καὶ</span> <span class='ocrx_word' id='word_1_56' title='bbox 769 737 1066 821; x_wconf 75' lang='grc' dir='ltr'>ἀγώνισμα</span> <span class='ocrx_word' id='word_1_57' title='bbox 1089 741 1241 821; x_wconf 87' lang='grc' dir='ltr'>μέγα</span> <span class='ocrx_word' id='word_1_58' title='bbox 1264 745 1434 801; x_wconf 81' lang='grc' dir='ltr'>τοῦτο</span> <span class='ocrx_word' id='word_1_59' title='bbox 1458 743 1759 811; x_wconf 79' lang='grc' dir='ltr'>ποιεῦνται,</span> <span class='ocrx_word' id='word_1_60' title='bbox 1790 743 1928 801; x_wconf 82' lang='grc' dir='ltr'>κτεί-</span> 
     </span>
     <span class='ocr_line' id='line_1_9' title="bbox 318 825 1927 906; baseline 0.001 -20"><span class='ocrx_word' id='word_1_61' title='bbox 318 851 504 890; x_wconf 86' lang='grc' dir='ltr'>νοντες</span> <span class='ocrx_word' id='word_1_62' title='bbox 535 825 737 904; x_wconf 80' lang='grc' dir='ltr'>ὁμοίως</span> <span class='ocrx_word' id='word_1_63' title='bbox 769 826 1064 904; x_wconf 76' lang='grc' dir='ltr'>μύρμηκάς</span> <span class='ocrx_word' id='word_1_64' title='bbox 1099 853 1163 887; x_wconf 90' lang='grc' dir='ltr'>τε</span> <span class='ocrx_word' id='word_1_65' title='bbox 1199 828 1293 887; x_wconf 84' lang='grc' dir='ltr'>καὶ</span> <span class='ocrx_word' id='word_1_66' title='bbox 1327 825 1487 906; x_wconf 79' lang='grc' dir='ltr'>ὄφεις</span> <span class='ocrx_word' id='word_1_67' title='bbox 1512 854 1605 889; x_wconf 92' lang='grc' dir='ltr'>και</span> <span class='ocrx_word' id='word_1_68' title='bbox 1628 827 1871 888; x_wconf 68' lang='grc' dir='ltr'>τᾶλλα*</span> <span class='ocrx_word' id='word_1_69' title='bbox 1846 855 1927 906; x_wconf 85' lang='grc' dir='ltr'>ερ-</span> 
     </span>
     <span class='ocr_line' id='line_1_10' title="bbox 317 905 1929 997; baseline 0.003 -25"><span class='ocrx_word' id='word_1_70' title='bbox 317 915 464 974; x_wconf 83' lang='grc' dir='ltr'>πετοὶ</span> <span class='ocrx_word' id='word_1_71' title='bbox 503 915 598 974; x_wconf 83' lang='grc' dir='ltr'>καὶ</span> <span class='ocrx_word' id='word_1_72' title='bbox 638 914 908 995; x_wconf 78' lang='grc' dir='ltr'>πετεινά.)</span> <span class='ocrx_word' id='word_1_73' title='bbox 977 916 1070 974; x_wconf 80' lang='grc' dir='ltr'>καὶ</span> <span class='ocrx_word' id='word_1_74' title='bbox 1111 915 1264 990; x_wconf 69' lang='grc' dir='ltr'>ε’·-φὶ</span> <span class='ocrx_word' id='word_1_75' title='bbox 1306 905 1410 992; x_wconf 76' lang='grc' dir='ltr'>μὲν</span> <span class='ocrx_word' id='word_1_76' title='bbox 1446 921 1525 996; x_wconf 78' lang='grc' dir='ltr'>τῷ</span> <span class='ocrx_word' id='word_1_77' title='bbox 1564 915 1715 997; x_wconf 76' lang='grc' dir='ltr'>νόμῳ</span> <span class='ocrx_word' id='word_1_78' title='bbox 1752 916 1929 996; x_wconf 75' lang='grc' dir='ltr'>τούτῳ</span> 
     </span>
     <span class='ocr_line' id='line_1_11' title="bbox 320 1001 1929 1084; baseline 0.001 -22"><span class='ocrx_word' id='word_1_79' title='bbox 320 1002 591 1081; x_wconf 57' lang='grc' dir='ltr'>ε’χέτωμῖς</span> <span class='ocrx_word' id='word_1_80' title='bbox 616 1003 712 1062; x_wconf 85' lang='grc' dir='ltr'>καὶ</span> <span class='ocrx_word' id='word_1_81' title='bbox 737 1001 918 1082; x_wconf 75' lang='grc' dir='ltr'>ἀρχὴν</span> <span class='ocrx_word' id='word_1_82' title='bbox 939 1005 1124 1081; x_wconf 84' lang='grc' dir='ltr'>ε’νομίυ</span> <span class='ocrx_word' id='word_1_83' title='bbox 1141 1041 1165 1064; x_wconf 66' lang='grc' dir='ltr'>υ</span> <span class='ocrx_word' id='word_1_84' title='bbox 1180 1028 1229 1080; x_wconf 77' lang='lat' dir='ltr'>q·</span> <span class='ocrx_word' id='word_1_85' title='bbox 1272 1001 1456 1083; x_wconf 78' lang='grc' dir='ltr'>ἄνειμι</span> <span class='ocrx_word' id='word_1_86' title='bbox 1480 1005 1541 1064; x_wconf 79' lang='grc' dir='ltr'>δὲ</span> <span class='ocrx_word' id='word_1_87' title='bbox 1568 1006 1661 1066; x_wconf 80' lang='grc' dir='ltr'>ε’πὶ</span> <span class='ocrx_word' id='word_1_88' title='bbox 1678 1004 1777 1066; x_wconf 77' lang='grc' dir='ltr'>τᾶν</span> <span class='ocrx_word' id='word_1_89' title='bbox 1792 1004 1929 1084; x_wconf 82' lang='grc' dir='ltr'>πρό·</span> 
     </span>
     <span class='ocr_line' id='line_1_12' title="bbox 316 1091 702 1171; baseline 0.003 -22"><span class='ocrx_word' id='word_1_90' title='bbox 316 1111 480 1168; x_wconf 81' lang='grc' dir='ltr'>τερον</span> <span class='ocrx_word' id='word_1_91' title='bbox 505 1091 702 1171; x_wconf 88' lang='grc' dir='ltr'>λόγον.</span> 
     </span>
    </p>
   </div>
   <div class='ocr_carea' id='block_1_2' title="bbox 387 1176 2018 1260">
    <p class='ocr_par' dir='ltr' id='par_1_2' title="bbox 387 1176 2018 1260">
     <span class='ocr_line' id='line_1_13' title="bbox 387 1176 2018 1260; baseline 0.002 -23"><span class='ocrx_word' id='word_1_92' title='bbox 387 1177 578 1242; x_wconf 87' lang='grc' dir='ltr'>Ἴωνες</span> <span class='ocrx_word' id='word_1_93' title='bbox 603 1179 663 1238; x_wconf 78' lang='grc' dir='ltr'>δὲ</span> <span class='ocrx_word' id='word_1_94' title='bbox 689 1177 783 1239; x_wconf 81' lang='grc' dir='ltr'>καὶ</span> <span class='ocrx_word' id='word_1_95' title='bbox 807 1178 1054 1249; x_wconf 79' lang='grc' dir='ltr'>Αἰολέες,</span> <span class='ocrx_word' id='word_1_96' title='bbox 1084 1176 1159 1242; x_wconf 75' lang='grc' dir='ltr'>ὥς</span> <span class='ocrx_word' id='word_1_97' title='bbox 1182 1180 1237 1239; x_wconf 83' lang='grc' dir='ltr'>οἶ</span> <span class='ocrx_word' id='word_1_98' title='bbox 1260 1179 1437 1240; x_wconf 81' lang='grc' dir='ltr'>Λυδοὶ</span> <span class='ocrx_word' id='word_1_99' title='bbox 1461 1179 1707 1260; x_wconf 77' lang='grc' dir='ltr'>τάχιστα</span> <span class='ocrx_word' id='word_1_100' title='bbox 1733 1206 1889 1241; x_wconf 81' lang='grc' dir='ltr'>κατε·</span> <span class='ocrx_word' id='word_1_101' title='bbox 1908 1182 2018 1240; x_wconf 89' lang='grc'>141</span> 
     </span>
    </p>
   </div>
   <div class='ocr_carea' id='block_1_3' title="bbox 320 1265 1948 3277">
    <p class='ocr_par' dir='ltr' id='par_1_3' title="bbox 320 1265 1948 3277">
     <span class='ocr_line' id='line_1_14' title="bbox 320 1265 1931 1349; baseline 0.004 -23"><span class='ocrx_word' id='word_1_102' title='bbox 320 1266 620 1344; x_wconf 82' lang='grc' dir='ltr'>στράφατο</span> <span class='ocrx_word' id='word_1_103' title='bbox 652 1265 764 1327; x_wconf 76' lang='grc' dir='ltr'>ύπό</span> <span class='ocrx_word' id='word_1_104' title='bbox 800 1267 1086 1344; x_wconf 89' lang='grc' dir='ltr'>Περσέων,</span> <span class='ocrx_word' id='word_1_105' title='bbox 1125 1268 1373 1345; x_wconf 81' lang='grc' dir='ltr'>ἔπεμπον</span> <span class='ocrx_word' id='word_1_106' title='bbox 1406 1267 1681 1349; x_wconf 74' lang='grc' dir='ltr'>ἀγγέλους</span> <span class='ocrx_word' id='word_1_107' title='bbox 1706 1273 1761 1332; x_wconf 75' lang='grc' dir='ltr'>ἐς</span> <span class='ocrx_word' id='word_1_108' title='bbox 1788 1269 1931 1346; x_wconf 71' lang='lat' dir='ltr'>Euip-</span> 
     </span>
     <span class='ocr_line' id='line_1_15' title="bbox 321 1353 1931 1432; baseline 0.001 -18"><span class='ocrx_word' id='word_1_109' title='bbox 321 1354 408 1416; x_wconf 88' lang='grc' dir='ltr'>δις</span> <span class='ocrx_word' id='word_1_110' title='bbox 445 1353 598 1432; x_wconf 67' lang='grc' dir='ltr'>παρὰ,</span> <span class='ocrx_word' id='word_1_111' title='bbox 639 1357 847 1432; x_wconf 82' lang='grc' dir='ltr'>Κῦρον,</span> <span class='ocrx_word' id='word_1_112' title='bbox 891 1355 1178 1418; x_wconf 80' lang='grc' dir='ltr'>ἐθέλοντες</span> <span class='ocrx_word' id='word_1_113' title='bbox 1218 1356 1310 1414; x_wconf 83' lang='grc' dir='ltr'>ε’πὶ</span> <span class='ocrx_word' id='word_1_114' title='bbox 1348 1359 1503 1414; x_wconf 82' lang='grc' dir='ltr'>τοῖσι</span> <span class='ocrx_word' id='word_1_115' title='bbox 1538 1355 1761 1416; x_wconf 73' lang='grc' dir='ltr'>αὐτοῖσι</span> <span class='ocrx_word' id='word_1_116' title='bbox 1792 1356 1931 1416; x_wconf 78' lang='grc' dir='ltr'>εἶναι</span> 
     </span>
     <span class='ocr_line' id='line_1_16' title="bbox 323 1440 1933 1521; baseline 0.001 -19"><span class='ocrx_word' id='word_1_117' title='bbox 323 1445 480 1502; x_wconf 83' lang='grc' dir='ltr'>τοῖσι</span> <span class='ocrx_word' id='word_1_118' title='bbox 500 1443 594 1501; x_wconf 82' lang='grc' dir='ltr'>καὶ</span> <span class='ocrx_word' id='word_1_119' title='bbox 619 1443 850 1521; x_wconf 77' lang='grc' dir='ltr'>Κροίσῳ</span> <span class='ocrx_word' id='word_1_120' title='bbox 869 1440 1021 1517; x_wconf 85' lang='grc' dir='ltr'>ἦσαν</span> <span class='ocrx_word' id='word_1_121' title='bbox 1037 1442 1320 1517; x_wconf 80' lang='grc' dir='ltr'>κατήκοοι·</span> <span class='ocrx_word' id='word_1_122' title='bbox 1348 1442 1379 1502; x_wconf 81' lang='grc' dir='ltr'>ὁ</span> <span class='ocrx_word' id='word_1_123' title='bbox 1401 1443 1461 1502; x_wconf 77' lang='grc' dir='ltr'>δὲ</span> <span class='ocrx_word' id='word_1_124' title='bbox 1487 1441 1733 1505; x_wconf 85' lang='grc' dir='ltr'>ἀκούσας</span> <span class='ocrx_word' id='word_1_125' title='bbox 1752 1442 1933 1504; x_wconf 74' lang='grc' dir='ltr'>αὐτῶν</span> 
     </span>
     <span class='ocr_line' id='line_1_17' title="bbox 322 1528 1931 1610; baseline 0.001 -20"><span class='ocrx_word' id='word_1_126' title='bbox 322 1529 398 1590; x_wconf 73' lang='grc' dir='ltr'>τὰ</span> <span class='ocrx_word' id='word_1_127' title='bbox 423 1531 782 1610; x_wconf 77' lang='grc' dir='ltr'>προΐσχοντο,</span> <span class='ocrx_word' id='word_1_128' title='bbox 808 1531 966 1600; x_wconf 81' lang='grc' dir='ltr'>ἔλεξέ</span> <span class='ocrx_word' id='word_1_129' title='bbox 987 1536 1102 1607; x_wconf 81' lang='grc' dir='ltr'>σφι</span> <span class='ocrx_word' id='word_1_130' title='bbox 1125 1528 1319 1610; x_wconf 88' lang='grc' dir='ltr'>λόγον,</span> <span class='ocrx_word' id='word_1_131' title='bbox 1340 1529 1515 1608; x_wconf 74' lang='grc' dir='ltr'>ἄνδρα</span> <span class='ocrx_word' id='word_1_132' title='bbox 1541 1529 1655 1607; x_wconf 78' lang='grc' dir='ltr'>φάς</span> <span class='ocrx_word' id='word_1_133' title='bbox 1681 1529 1931 1608; x_wconf 76' lang='grc' dir='ltr'>αὐλητὴν</span> 
     </span>
     <span class='ocr_line' id='line_1_18' title="bbox 327 1617 1933 1698; baseline 0.001 -20"><span class='ocrx_word' id='word_1_134' title='bbox 327 1617 514 1678; x_wconf 77' lang='grc' dir='ltr'>ἰδόντα</span> <span class='ocrx_word' id='word_1_135' title='bbox 541 1621 700 1697; x_wconf 79' lang='grc' dir='ltr'>ἰχθῦς</span> <span class='ocrx_word' id='word_1_136' title='bbox 726 1623 784 1678; x_wconf 79' lang='grc' dir='ltr'>ἐν</span> <span class='ocrx_word' id='word_1_137' title='bbox 809 1621 880 1698; x_wconf 79' lang='grc' dir='ltr'>τῇ</span> <span class='ocrx_word' id='word_1_138' title='bbox 908 1617 1182 1697; x_wconf 77' lang='grc' dir='ltr'>θαλάσσῃ</span> <span class='ocrx_word' id='word_1_139' title='bbox 1202 1618 1439 1689; x_wconf 76' lang='grc' dir='ltr'>αὐλέειν,</span> <span class='ocrx_word' id='word_1_140' title='bbox 1460 1618 1723 1679; x_wconf 75' lang='grc' dir='ltr'>δοκέοντά</span> <span class='ocrx_word' id='word_1_141' title='bbox 1749 1624 1933 1696; x_wconf 83' lang='grc' dir='ltr'>σφεας</span> 
     </span>
     <span class='ocr_line' id='line_1_19' title="bbox 327 1705 1931 1789; baseline 0.002 -24"><span class='ocrx_word' id='word_1_142' title='bbox 327 1706 726 1777; x_wconf 78' lang='grc' dir='ltr'>ἐξελεύσεσθαι</span> <span class='ocrx_word' id='word_1_143' title='bbox 767 1711 822 1770; x_wconf 79' lang='grc' dir='ltr'>ἐς</span> <span class='ocrx_word' id='word_1_144' title='bbox 855 1710 984 1789; x_wconf 75' lang='grc' dir='ltr'>γῆν·</span> <span class='ocrx_word' id='word_1_145' title='bbox 1027 1705 1099 1771; x_wconf 77' lang='grc' dir='ltr'>ὥς</span> <span class='ocrx_word' id='word_1_146' title='bbox 1131 1706 1193 1768; x_wconf 82' lang='grc' dir='ltr'>δὲ</span> <span class='ocrx_word' id='word_1_147' title='bbox 1224 1708 1540 1786; x_wconf 83' lang='grc' dir='ltr'>ψευσθῆναι</span> <span class='ocrx_word' id='word_1_148' title='bbox 1563 1711 1665 1786; x_wconf 82' lang='grc' dir='ltr'>τῆς</span> <span class='ocrx_word' id='word_1_149' title='bbox 1690 1707 1931 1781; x_wconf 75' lang='grc' dir='ltr'>ἐλπίδος,</span> 
     </span>
     <span class='ocr_line' id='line_1_20' title="bbox 326 1795 1933 1873; baseline 0.002 -18"><span class='ocrx_word' id='word_1_150' title='bbox 326 1797 534 1871; x_wconf 82' lang='grc' dir='ltr'>λαβεῖν</span> <span class='ocrx_word' id='word_1_151' title='bbox 575 1795 1026 1872; x_wconf 75' lang='grc' dir='ltr'>ἀμφίβληστρον</span> <span class='ocrx_word' id='word_1_152' title='bbox 1071 1796 1165 1855; x_wconf 83' lang='grc' dir='ltr'>καὶ</span> <span class='ocrx_word' id='word_1_153' title='bbox 1213 1798 1549 1873; x_wconf 78' lang='grc' dir='ltr'>περιβαλεῖν</span> <span class='ocrx_word' id='word_1_154' title='bbox 1598 1822 1661 1857; x_wconf 92' lang='grc' dir='ltr'>τε</span> <span class='ocrx_word' id='word_1_155' title='bbox 1712 1797 1933 1872; x_wconf 79' lang='grc' dir='ltr'>πλῆθος</span> 
     </span>
     <span class='ocr_line' id='line_1_21' title="bbox 327 1882 1935 1961; baseline 0.002 -19"><span class='ocrx_word' id='word_1_156' title='bbox 327 1883 551 1944; x_wconf 83' lang='grc' dir='ltr'>πολλὸν</span> <span class='ocrx_word' id='word_1_157' title='bbox 584 1888 697 1943; x_wconf 78' lang='grc' dir='ltr'>τῶν</span> <span class='ocrx_word' id='word_1_158' title='bbox 732 1882 937 1961; x_wconf 83' lang='grc' dir='ltr'>ἰχθύων</span> <span class='ocrx_word' id='word_1_159' title='bbox 963 1884 1056 1941; x_wconf 87' lang='grc' dir='ltr'>καὶ</span> <span class='ocrx_word' id='word_1_160' title='bbox 1093 1882 1389 1961; x_wconf 75' lang='grc' dir='ltr'>ἐξειρύσαι,</span> <span class='ocrx_word' id='word_1_161' title='bbox 1418 1882 1607 1944; x_wconf 78' lang='grc' dir='ltr'>ἰδόντα</span> <span class='ocrx_word' id='word_1_162' title='bbox 1631 1884 1690 1943; x_wconf 82' lang='grc' dir='ltr'>δὲ</span> <span class='ocrx_word' id='word_1_163' title='bbox 1714 1887 1935 1945; x_wconf 88' lang='grc' dir='ltr'>παλλο-</span> 
     </span>
     <span class='ocr_line' id='line_1_22' title="bbox 328 1968 1938 2079; baseline -0.001 -47"><span class='ocrx_word' id='word_1_164' title='bbox 328 1972 527 2079; x_wconf 81' lang='grc' dir='ltr'>μένους</span> <span class='ocrx_word' id='word_1_165' title='bbox 568 1974 741 2031; x_wconf 78' lang='grc' dir='ltr'>εἰπεῖν</span> <span class='ocrx_word' id='word_1_166' title='bbox 773 1968 886 2048; x_wconf 78' lang='grc' dir='ltr'>ἄρα</span> <span class='ocrx_word' id='word_1_167' title='bbox 925 1969 1098 2031; x_wconf 78' lang='grc' dir='ltr'>αυτὸν</span> <span class='ocrx_word' id='word_1_168' title='bbox 1136 1971 1279 2049; x_wconf 73' lang='grc' dir='ltr'>πρὸς</span> <span class='ocrx_word' id='word_1_169' title='bbox 1312 1998 1442 2035; x_wconf 87' lang='grc' dir='ltr'>τους</span> <span class='ocrx_word' id='word_1_170' title='bbox 1470 1973 1645 2050; x_wconf 76' lang='grc' dir='ltr'>ἰχθῦς·</span> <span class='ocrx_word' id='word_1_171' title='bbox 1686 1970 1938 2033; x_wconf 87' lang='grc' dir='ltr'>παύεσθέ</span> 
     </span>
     <span class='ocr_line' id='line_1_23' title="bbox 329 2057 1937 2138; baseline -0.002 -19"><span class='ocrx_word' id='word_1_172' title='bbox 329 2086 430 2137; x_wconf 89' lang='grc' dir='ltr'>μοι</span> <span class='ocrx_word' id='word_1_173' title='bbox 453 2059 795 2138; x_wconf 82' lang='grc' dir='ltr'>ὀρχεόμενοι,</span> <span class='ocrx_word' id='word_1_174' title='bbox 826 2060 944 2119; x_wconf 81' lang='grc' dir='ltr'>ἐπεὶ</span> <span class='ocrx_word' id='word_1_175' title='bbox 971 2057 1138 2119; x_wconf 74' lang='grc' dir='ltr'>οὐδ”</span> <span class='ocrx_word' id='word_1_176' title='bbox 1113 2060 1245 2135; x_wconf 90' lang='grc' dir='ltr'>εμέο</span> <span class='ocrx_word' id='word_1_177' title='bbox 1271 2058 1569 2121; x_wconf 78' lang='grc' dir='ltr'>αὐλέοντος</span> <span class='ocrx_word' id='word_1_178' title='bbox 1594 2058 1877 2134; x_wconf 73' lang='grc' dir='ltr'>Ιἧθέλετε’</span> <span class='ocrx_word' id='word_1_179' title='bbox 1852 2084 1937 2117; x_wconf 86' lang='grc' dir='ltr'>εκ-</span> 
     </span>
     <span class='ocr_line' id='line_1_24' title="bbox 330 2143 1938 2226; baseline 0 -20"><span class='ocrx_word' id='word_1_180' title='bbox 330 2148 551 2223; x_wconf 83' lang='grc' dir='ltr'>βαίνειν</span> <span class='ocrx_word' id='word_1_181' title='bbox 597 2146 942 2226; x_wconf 80' lang='grc' dir='ltr'>ὀρχεόμενοι.</span> <span class='ocrx_word' id='word_1_182' title='bbox 1011 2149 1203 2223; x_wconf 81' lang='grc' dir='ltr'>Κῦρος</span> <span class='ocrx_word' id='word_1_183' title='bbox 1243 2148 1347 2222; x_wconf 79' lang='grc' dir='ltr'>μὲν</span> <span class='ocrx_word' id='word_1_184' title='bbox 1387 2150 1587 2205; x_wconf 80' lang='grc' dir='ltr'>τοῦτον</span> <span class='ocrx_word' id='word_1_185' title='bbox 1624 2144 1725 2204; x_wconf 84' lang='grc' dir='ltr'>τόν</span> <span class='ocrx_word' id='word_1_186' title='bbox 1762 2143 1938 2225; x_wconf 88' lang='grc' dir='ltr'>λόγον</span> 
     </span>
     <span class='ocr_line' id='line_1_25' title="bbox 330 2231 1937 2303; baseline -0.002 -8"><span class='ocrx_word' id='word_1_187' title='bbox 330 2239 486 2296; x_wconf 78' lang='grc' dir='ltr'>τοῖσι</span> <span class='ocrx_word' id='word_1_188' title='bbox 515 2234 680 2295; x_wconf 85' lang='grc' dir='ltr'>Ἴωσι</span> <span class='ocrx_word' id='word_1_189' title='bbox 719 2235 813 2293; x_wconf 86' lang='grc' dir='ltr'>καὶ</span> <span class='ocrx_word' id='word_1_190' title='bbox 850 2238 1006 2295; x_wconf 82' lang='grc' dir='ltr'>τοῖσι</span> <span class='ocrx_word' id='word_1_191' title='bbox 1046 2236 1323 2294; x_wconf 82' lang='grc' dir='ltr'>Αἰολεῦσι</span> <span class='ocrx_word' id='word_1_192' title='bbox 1354 2232 1526 2293; x_wconf 72' lang='grc' dir='ltr'>τῶνδε</span> <span class='ocrx_word' id='word_1_193' title='bbox 1560 2231 1741 2292; x_wconf 82' lang='grc' dir='ltr'>εἵνεκα</span> <span class='ocrx_word' id='word_1_194' title='bbox 1766 2234 1937 2303; x_wconf 80' lang='grc' dir='ltr'>ἔλεξε,</span> 
     </span>
     <span class='ocr_line' id='line_1_26' title="bbox 334 2319 1939 2400; baseline -0.001 -17"><span class='ocrx_word' id='word_1_195' title='bbox 334 2321 422 2383; x_wconf 84' lang='grc' dir='ltr'>ὅτι</span> <span class='ocrx_word' id='word_1_196' title='bbox 449 2322 517 2398; x_wconf 76' lang='grc' dir='ltr'>δὴ</span> <span class='ocrx_word' id='word_1_197' title='bbox 545 2326 600 2382; x_wconf 86' lang='grc' dir='ltr'>οἱ</span> <span class='ocrx_word' id='word_1_198' title='bbox 613 2322 800 2386; x_wconf 87' lang='grc' dir='ltr'>Ἴωνες</span> <span class='ocrx_word' id='word_1_199' title='bbox 823 2322 1112 2400; x_wconf 85' lang='grc' dir='ltr'>πρότερον,</span> <span class='ocrx_word' id='word_1_200' title='bbox 1140 2319 1311 2383; x_wconf 66' lang='grc' dir='ltr'>αὐτοῦ</span> <span class='ocrx_word' id='word_1_201' title='bbox 1339 2319 1533 2397; x_wconf 81' lang='grc' dir='ltr'>Κύρου</span> <span class='ocrx_word' id='word_1_202' title='bbox 1560 2320 1846 2397; x_wconf 86' lang='grc' dir='ltr'>δεηθέντος</span> <span class='ocrx_word' id='word_1_203' title='bbox 1870 2321 1939 2381; x_wconf 80' lang='grc' dir='ltr'>δι’</span> 
     </span>
     <span class='ocr_line' id='line_1_27' title="bbox 336 2408 1941 2492; baseline 0.001 -23"><span class='ocrx_word' id='word_1_204' title='bbox 336 2410 592 2492; x_wconf 85' lang='grc' dir='ltr'>ἀγγέλων</span> <span class='ocrx_word' id='word_1_205' title='bbox 614 2409 974 2471; x_wconf 85' lang='grc' dir='ltr'>ἀπίστασθαί</span> <span class='ocrx_word' id='word_1_206' title='bbox 1007 2416 1193 2487; x_wconf 86' lang='grc' dir='ltr'>σφεας</span> <span class='ocrx_word' id='word_1_207' title='bbox 1231 2409 1347 2471; x_wconf 81' lang='grc' dir='ltr'>ἀπὸ</span> <span class='ocrx_word' id='word_1_208' title='bbox 1373 2410 1645 2487; x_wconf 87' lang='grc' dir='ltr'>Κροίσου,</span> <span class='ocrx_word' id='word_1_209' title='bbox 1673 2408 1773 2470; x_wconf 77' lang='grc' dir='ltr'>οὔκ</span> <span class='ocrx_word' id='word_1_210' title='bbox 1799 2410 1941 2471; x_wconf 84' lang='grc' dir='ltr'>ε’πεί-</span> 
     </span>
     <span class='ocr_line' id='line_1_28' title="bbox 339 2496 1943 2580; baseline 0.001 -22"><span class='ocrx_word' id='word_1_211' title='bbox 339 2498 523 2559; x_wconf 86' lang='grc' dir='ltr'>θοντο·</span> <span class='ocrx_word' id='word_1_212' title='bbox 562 2497 692 2559; x_wconf 88' lang='grc' dir='ltr'>τότε</span> <span class='ocrx_word' id='word_1_213' title='bbox 717 2498 780 2557; x_wconf 77' lang='grc' dir='ltr'>δὲ</span> <span class='ocrx_word' id='word_1_214' title='bbox 804 2499 1267 2580; x_wconf 81' lang='grc' dir='ltr'>κατεργασμένων</span> <span class='ocrx_word' id='word_1_215' title='bbox 1285 2502 1397 2559; x_wconf 77' lang='grc' dir='ltr'>τῶν</span> <span class='ocrx_word' id='word_1_216' title='bbox 1414 2496 1771 2579; x_wconf 77' lang='grc' dir='ltr'>πρηγμάτων,</span> <span class='ocrx_word' id='word_1_217' title='bbox 1791 2498 1943 2575; x_wconf 80' lang='grc' dir='ltr'>ἦσαν</span> 
     </span>
     <span class='ocr_line' id='line_1_29' title="bbox 337 2584 1944 2667; baseline 0.004 -23"><span class='ocrx_word' id='word_1_218' title='bbox 337 2589 552 2664; x_wconf 78' lang='grc' dir='ltr'>ἑτοῖμοι</span> <span class='ocrx_word' id='word_1_219' title='bbox 591 2586 890 2647; x_wconf 87' lang='grc' dir='ltr'>πείθεσθαι</span> <span class='ocrx_word' id='word_1_220' title='bbox 930 2585 1120 2665; x_wconf 79' lang='grc' dir='ltr'>Κύρῳ.</span> <span class='ocrx_word' id='word_1_221' title='bbox 1188 2586 1221 2647; x_wconf 82' lang='grc' dir='ltr'>ὁ</span> <span class='ocrx_word' id='word_1_222' title='bbox 1260 2588 1364 2663; x_wconf 79' lang='grc' dir='ltr'>μὲν</span> <span class='ocrx_word' id='word_1_223' title='bbox 1400 2586 1468 2661; x_wconf 82' lang='grc' dir='ltr'>δὴ</span> <span class='ocrx_word' id='word_1_224' title='bbox 1504 2586 1649 2667; x_wconf 79' lang='grc' dir='ltr'>ὀργῇ</span> <span class='ocrx_word' id='word_1_225' title='bbox 1683 2584 1944 2665; x_wconf 77' lang='grc' dir='ltr'>ἐχόμενος</span> 
     </span>
     <span class='ocr_line' id='line_1_30' title="bbox 337 2672 1943 2755; baseline 0 -22"><span class='ocrx_word' id='word_1_226' title='bbox 337 2675 500 2755; x_wconf 83' lang='grc' dir='ltr'>ἔλεγέ</span> <span class='ocrx_word' id='word_1_227' title='bbox 523 2680 637 2752; x_wconf 84' lang='grc' dir='ltr'>σφι</span> <span class='ocrx_word' id='word_1_228' title='bbox 660 2673 812 2734; x_wconf 78' lang='grc' dir='ltr'>τάδε·</span> <span class='ocrx_word' id='word_1_229' title='bbox 842 2672 1030 2737; x_wconf 88' lang='grc' dir='ltr'>Ἴωνες</span> <span class='ocrx_word' id='word_1_230' title='bbox 1053 2674 1113 2733; x_wconf 81' lang='grc' dir='ltr'>δὲ</span> <span class='ocrx_word' id='word_1_231' title='bbox 1142 2674 1213 2737; x_wconf 77' lang='grc' dir='ltr'>ὥς</span> <span class='ocrx_word' id='word_1_232' title='bbox 1236 2673 1487 2749; x_wconf 79' lang='grc' dir='ltr'>ἥκουσαν</span> <span class='ocrx_word' id='word_1_233' title='bbox 1509 2674 1721 2733; x_wconf 86' lang='grc' dir='ltr'>τούτων</span> <span class='ocrx_word' id='word_1_234' title='bbox 1744 2672 1943 2733; x_wconf 85' lang='grc' dir='ltr'>ἀνενει-</span> 
     </span>
     <span class='ocr_line' id='line_1_31' title="bbox 336 2759 1944 2841; baseline -0.001 -21"><span class='ocrx_word' id='word_1_235' title='bbox 336 2762 586 2840; x_wconf 89' lang='grc' dir='ltr'>χθέντων</span> <span class='ocrx_word' id='word_1_236' title='bbox 630 2767 686 2826; x_wconf 78' lang='grc' dir='ltr'>ἐς</span> <span class='ocrx_word' id='word_1_237' title='bbox 730 2761 832 2825; x_wconf 69' lang='grc' dir='ltr'>τὰς</span> <span class='ocrx_word' id='word_1_238' title='bbox 879 2762 1102 2833; x_wconf 80' lang='grc' dir='ltr'>πόλιας,</span> <span class='ocrx_word' id='word_1_239' title='bbox 1146 2761 1337 2841; x_wconf 78' lang='grc' dir='ltr'>τείχεά</span> <span class='ocrx_word' id='word_1_240' title='bbox 1384 2787 1449 2822; x_wconf 90' lang='grc' dir='ltr'>τε</span> <span class='ocrx_word' id='word_1_241' title='bbox 1494 2759 1944 2837; x_wconf 82' lang='grc' dir='ltr'>περιεβάλλοντο</span> 
     </span>
     <span class='ocr_line' id='line_1_32' title="bbox 339 2846 1945 2931; baseline 0 -24"><span class='ocrx_word' id='word_1_242' title='bbox 339 2850 568 2910; x_wconf 85' lang='grc' dir='ltr'>ἔκαστοι</span> <span class='ocrx_word' id='word_1_243' title='bbox 595 2850 689 2909; x_wconf 83' lang='grc' dir='ltr'>καὶ</span> <span class='ocrx_word' id='word_1_244' title='bbox 715 2849 1086 2931; x_wconf 81' lang='grc' dir='ltr'>συνελέγοντο</span> <span class='ocrx_word' id='word_1_245' title='bbox 1113 2854 1172 2913; x_wconf 80' lang='grc' dir='ltr'>ἐς</span> <span class='ocrx_word' id='word_1_246' title='bbox 1195 2849 1508 2910; x_wconf 77' lang='grc' dir='ltr'>Πανιώνιον</span> <span class='ocrx_word' id='word_1_247' title='bbox 1524 2851 1579 2907; x_wconf 83' lang='grc' dir='ltr'>οἱ</span> <span class='ocrx_word' id='word_1_248' title='bbox 1604 2846 1776 2905; x_wconf 78' lang='grc' dir='ltr'>ἄλλοι</span> <span class='ocrx_word' id='word_1_249' title='bbox 1791 2846 1945 2922; x_wconf 79' lang='grc' dir='ltr'>πλὴν</span> 
     </span>
     <span class='ocr_line' id='line_1_33' title="bbox 337 2934 1946 3018; baseline -0.001 -23"><span class='ocrx_word' id='word_1_250' title='bbox 337 2938 664 3013; x_wconf 82' lang='grc' dir='ltr'>Μιλησίων·</span> <span class='ocrx_word' id='word_1_251' title='bbox 704 2936 846 3015; x_wconf 79' lang='grc' dir='ltr'>πρός</span> <span class='ocrx_word' id='word_1_252' title='bbox 875 2936 1111 3013; x_wconf 87' lang='grc' dir='ltr'>μούνους</span> <span class='ocrx_word' id='word_1_253' title='bbox 1138 2936 1253 3018; x_wconf 74' lang='grc' dir='ltr'>γὰρ</span> <span class='ocrx_word' id='word_1_254' title='bbox 1284 2936 1513 2997; x_wconf 86' lang='grc' dir='ltr'>τούτους</span> <span class='ocrx_word' id='word_1_255' title='bbox 1544 2934 1733 3012; x_wconf 86' lang='grc' dir='ltr'>ὅρκιον</span> <span class='ocrx_word' id='word_1_256' title='bbox 1758 2937 1946 3012; x_wconf 82' lang='grc' dir='ltr'>Κῦρος</span> 
     </span>
     <span class='ocr_line' id='line_1_34' title="bbox 338 3022 1948 3103; baseline -0.001 -20"><span class='ocrx_word' id='word_1_257' title='bbox 338 3024 666 3101; x_wconf 79' lang='grc' dir='ltr'>ἐποιήσατο,</span> <span class='ocrx_word' id='word_1_258' title='bbox 695 3025 781 3084; x_wconf 79' lang='grc' dir='ltr'>ἐπ’</span> <span class='ocrx_word' id='word_1_259' title='bbox 809 3025 931 3086; x_wconf 83' lang='grc' dir='ltr'>οἷσί</span> <span class='ocrx_word' id='word_1_260' title='bbox 961 3051 1068 3103; x_wconf 87' lang='grc' dir='ltr'>περ</span> <span class='ocrx_word' id='word_1_261' title='bbox 1101 3024 1135 3085; x_wconf 79' lang='grc' dir='ltr'>ὅ</span> <span class='ocrx_word' id='word_1_262' title='bbox 1168 3022 1368 3087; x_wconf 83' lang='grc' dir='ltr'>Λυδός·</span> <span class='ocrx_word' id='word_1_263' title='bbox 1407 3026 1561 3083; x_wconf 80' lang='grc' dir='ltr'>τοῖσι</span> <span class='ocrx_word' id='word_1_264' title='bbox 1594 3022 1655 3080; x_wconf 82' lang='grc' dir='ltr'>δὲ</span> <span class='ocrx_word' id='word_1_265' title='bbox 1690 3025 1948 3082; x_wconf 83' lang='grc' dir='ltr'>λοιποῖσι</span> 
     </span>
     <span class='ocr_line' id='line_1_35' title="bbox 330 3108 1947 3193; baseline -0.002 -23"><span class='ocrx_word' id='word_1_266' title='bbox 330 3109 494 3172; x_wconf 84' lang='grc' dir='ltr'>Ἴωσι</span> <span class='ocrx_word' id='word_1_267' title='bbox 533 3113 686 3184; x_wconf 78' lang='grc' dir='ltr'>ἔδοξε</span> <span class='ocrx_word' id='word_1_268' title='bbox 725 3116 888 3191; x_wconf 73' lang='grc' dir='ltr'>κοινῷ</span> <span class='ocrx_word' id='word_1_269' title='bbox 911 3112 1064 3193; x_wconf 75' lang='grc' dir='ltr'>λόγῳ</span> <span class='ocrx_word' id='word_1_270' title='bbox 1105 3113 1347 3189; x_wconf 86' lang='grc' dir='ltr'>πέμπειν</span> <span class='ocrx_word' id='word_1_271' title='bbox 1376 3110 1653 3189; x_wconf 82' lang='grc' dir='ltr'>ἀγγέλους</span> <span class='ocrx_word' id='word_1_272' title='bbox 1679 3113 1735 3171; x_wconf 81' lang='grc' dir='ltr'>ἐς</span> <span class='ocrx_word' id='word_1_273' title='bbox 1759 3108 1947 3187; x_wconf 79' lang='grc' dir='ltr'>Σπάρ-</span> 
     </span>
     <span class='ocr_line' id='line_1_36' title="bbox 337 3199 1363 3277; baseline -0.005 -15"><span class='ocrx_word' id='word_1_274' title='bbox 337 3224 460 3275; x_wconf 81' lang='grc' dir='ltr'>την,</span> <span class='ocrx_word' id='word_1_275' title='bbox 487 3201 860 3277; x_wconf 88' lang='grc' dir='ltr'>δεησομένους</span> <span class='ocrx_word' id='word_1_276' title='bbox 871 3199 1035 3260; x_wconf 87' lang='grc' dir='ltr'>Ἴωσι</span> <span class='ocrx_word' id='word_1_277' title='bbox 1059 3199 1363 3276; x_wconf 88' lang='grc' dir='ltr'>τιμωρέειν.</span> 
     </span>
    </p>
   </div>
   <div class='ocr_carea' id='block_1_4' title="bbox 425 3278 2110 3357">
    <p class='ocr_par' dir='ltr' id='par_1_4' title="bbox 425 3278 2110 3357">
     <span class='ocr_line' id='line_1_37' title="bbox 425 3278 2110 3357; baseline -0.004 -10"><span class='ocrx_word' id='word_1_278' title='bbox 425 3290 502 3347; x_wconf 76' lang='grc' dir='ltr'>Οἱ</span> <span class='ocrx_word' id='word_1_279' title='bbox 533 3288 594 3347; x_wconf 79' lang='grc' dir='ltr'>δὲ</span> <span class='ocrx_word' id='word_1_280' title='bbox 621 3286 810 3349; x_wconf 84' lang='grc' dir='ltr'>Ἴωνες</span> <span class='ocrx_word' id='word_1_281' title='bbox 845 3286 1016 3357; x_wconf 74' lang='grc' dir='ltr'>οὗτοι,</span> <span class='ocrx_word' id='word_1_282' title='bbox 1045 3291 1160 3346; x_wconf 76' lang='grc' dir='ltr'>τῶν</span> <span class='ocrx_word' id='word_1_283' title='bbox 1190 3285 1283 3343; x_wconf 79' lang='grc' dir='ltr'>καὶ</span> <span class='ocrx_word' id='word_1_284' title='bbox 1312 3284 1381 3343; x_wconf 82' lang='grc' dir='ltr'><em>τό</em></span> <span class='ocrx_word' id='word_1_285' title='bbox 1420 3281 1731 3345; x_wconf 74' lang='grc' dir='ltr'>Πανιώνιόν</span> <span class='ocrx_word' id='word_1_286' title='bbox 1763 3288 1905 3355; x_wconf 77' lang='grc' dir='ltr'>ἔστι,</span> <span class='ocrx_word' id='word_1_287' title='bbox 1926 3282 2041 3342; x_wconf 84' lang='grc'>142</span> <span class='ocrx_word' id='word_1_288' title='bbox 2069 3278 2110 3305; x_wconf 64' lang='lat'>&#39;⁷</span> 
     </span>
    </p>
   </div>
   <div class='ocr_carea' id='block_1_5' title="bbox 2076 3388 2227 3467">
    <p class='ocr_par' dir='ltr' id='par_1_5' title="bbox 2076 3388 2227 3467">
     <span class='ocr_line' id='line_1_38' title="bbox 2076 3388 2227 3467; baseline 0 0"><span class='ocrx_word' id='word_1_289' title='bbox 2076 3388 2227 3467; x_wconf 65' lang='lat' dir='ltr'><em>A</em></span> 
     </span>
    </p>
   </div>
  </div>
 </body>
</html>
