2250 3500
344 97 623 161 166—172]
918 101 1366 149 ΜΕΛΠΟΜΕΝΗ.
1845 108 1937 154 349

340 177 393 234 οἳ
406 176 631 252 νόμοισι
648 179 754 254 μὲν
775 178 847 237 τοὶ
872 180 1027 237 πλέω
1049 181 1408 258 Αἰγυπτίοισι
1426 183 1710 257 χρέωνται,
1729 183 1942 256 ε’σθῆτα

340 267 399 324 δὲ
426 268 703 343 φορέουσι
731 267 853 340 οἴην
878 292 983 343 περ
1008 269 1059 324 οἱ
1079 265 1252 325 ἄλλοι
1270 268 1500 341 Λίβυες·
1528 272 1586 326 αἱ
1613 269 1672 326 δὲ
1689 272 1941 348 γυναῖκες

339 353 519 413 αὐτῶν
559 355 761 431 ψέλιον
800 355 927 430 περὶ
970 355 1198 432 ἑκατέρῃ
1237 358 1347 413 τῶν
1384 356 1630 430 κνημέων
1668 357 1940 432 φορέουσι

336 441 600 520 χάλκεον·
669 441 769 503 ταῖς
811 441 1063 517 κεφαλὰς
1104 441 1164 499 δὲ
1205 446 1476 519 κομῶσαι,
1522 443 1652 505 τούς
1707 445 1940 520 φθεῖρας

340 529 506 588 ἐπεὰν
546 528 776 605 λάβωσι
814 528 945 592 τούς
986 532 1188 604 ἑωυτῆς
1230 529 1439 605 ἑκάστη
1493 529 1798 590 ἀντιδάκνει
1846 532 1937 590 καὶ

340 615 480 675 οὕτω
526 618 726 692 ῥίπτει·
772 615 923 675 οὗτοι
965 617 1024 675 δὲ
1058 620 1257 693 μοῦνοι
1297 618 1528 693 Λιβύων
1567 622 1732 676 τοῦτο
1779 618 1936 697 ε’ργά-

338 705 543 774 ζονται·
587 705 677 762 καὶ
707 709 784 783 τῷ
812 706 1053 779 βασιλέϊ
1079 709 1280 780 μοῦνοι
1319 705 1418 768 τοῖς
1459 707 1763 780 παρθένους
1801 710 1935 781 μελ-

338 792 553 854 λούσας
573 793 877 851 συνοικέειν
900 792 1318 851 ἐπιδεικνύουσι·
1351 792 1388 867 ἣ
1417 793 1475 850 δὲ
1501 791 1569 852 ἂν
1594 796 1670 870 τῷ
1693 795 1938 867 βασιλέῖ

338 879 552 955 εἰρεστῆ
588 882 832 960 γένηται,
871 880 980 940 ὐπὸ
1012 880 1212 940 τούτου
1241 880 1739 956 διαπαρθενεύεται.
1797 908 1934 956 παρ-

337 966 539 1042 ήκουσι
562 967 619 1024 δὲ
646 965 799 1026 οὗτοι
828 971 881 1026 οἱ
906 966 1308 1046 Ἀδυρμαχίδαι
1335 967 1429 1026 ἀπ’
1459 969 1744 1048 Αἰγύπτου
1767 969 1935 1046 μέχρι

339 1056 562 1129 λιμένος
586 1059 663 1133 τῷ
682 1055 891 1132 οὕνομα
912 1054 1137 1118 Πλυνός
1159 1061 1300 1115 ἐστι.
1357 1055 1578 1115 Τούτων
1599 1057 1657 1114 δὲ
1675 1058 1894 1134 ἔχονται
1915 1059 2026 1116 169

340 1143 704 1222 Γιλιγάμμαι,
761 1143 1050 1219 νεμόμενοι
1105 1143 1210 1218 τήν
1261 1143 1400 1220 πρός
1456 1145 1696 1221 ἑσπέρην
1747 1144 1934 1222 χώρην

337 1230 505 1307 μέχρι
530 1229 963 1306 Ἀφροδισιάδος
994 1231 1190 1306 νήσου·
1235 1235 1292 1290 ἔν
1320 1231 1378 1289 δὲ
1403 1235 1480 1308 τῷ
1504 1231 1712 1307 μεταξι)
1737 1230 1934 1290 τούτου

337 1315 499 1394 χώρῳ
538 1317 575 1391 ἥ
613 1341 675 1376 τε
716 1319 951 1375 Πλατέα
992 1320 1166 1391 νῆσος
1220 1319 1506 1386 ἐπικέεται,
1553 1318 1656 1391 τήν
1709 1319 1933 1378 ἔκτισαν

341 1408 663 1480 Κυρηναῖοι·
707 1404 798 1462 καὶ
826 1409 883 1462 ἐν
909 1408 979 1481 τῇ
1006 1403 1214 1482 ἠπείρῳ
1242 1403 1555 1466 Μενελάῖος
1592 1402 1764 1479 λιμήν
1792 1409 1930 1474 ἐστι,

336 1492 431 1549 καὶ
447 1491 658 1567 Ἀζιρις
682 1492 786 1566 τήν
820 1495 872 1550 οἷ
909 1495 1217 1568 Κυρηναῖοι
1244 1493 1440 1550 οἴκεον·
1484 1491 1576 1549 καὶ
1600 1490 1666 1549 τὸ
1695 1492 1932 1566 σιλφιον

334 1577 565 1656 ἄρχεται
591 1578 701 1637 αἶπὸ
727 1577 943 1638 τούτου·
985 1579 1220 1655 παρήκει
1247 1579 1305 1637 δὲ
1326 1577 1438 1638 ‹in-<3
1467 1578 1730 1653 Πλατέης
1755 1577 1932 1653 νήσου

330 1666 502 1743 μέχρι
519 1671 619 1726 τοῦ
639 1667 920 1742 στόματος
938 1670 1037 1742 τῆς
1058 1666 1288 1743 Σύρτιος
1305 1666 1370 1724 τό
1393 1667 1650 1741 σίλφιον.
1707 1665 1932 1742 νόμοισι

334 1755 393 1813 δὲ
446 1756 714 1832 χρέωνται
768 1752 921 1814 οὗτοι
972 1756 1426 1833 παραπλησίοισι
1468 1758 1622 1815 τοῖσι
1669 1756 1926 1830 ἑτέροισι.

333 1845 726 1921 Γιλιγαμμέων
746 1844 805 1901 δὲ
821 1845 1040 1920 ἔχονται
1053 1843 1121 1902 τό
1136 1844 1276 1919 πρὸς
1292 1845 1530 1920 ἑσπέρης
1544 1842 1889 1918 Ἀσβύσται.
1910 1846 1937 1901 1
1949 1843 2026 1904 70

333 1928 489 1988 οὗτοι
514 1930 579 1988 τὸ
607 1929 743 2005 ὐπὲρ
771 1930 1029 2006 Κυρήνης
1050 1931 1312 1998 οἰκέουσι,
1336 1931 1427 1987 ε’πὶ
1449 1929 1752 1989 θάλασσαν
1779 1930 1838 1988 δὲ
1866 1928 1930 1989 οὐ

334 2017 642 2091 κατήκουσι
676 2016 1020 2091 Ἀσβύσται·
1040 2016 1109 2075 ro*
1127 2017 1236 2096 γσῖρ
1253 2016 1405 2091 παρὰ
1423 2015 1725 2075 θάλασσαν
1747 2023 1930 2092 Κυρη-

332 2109 480 2165 ναῖοι
506 2106 783 2180 νέμονται·
825 2103 1278 2179 τεθριπποβάται
1315 2103 1372 2161 δὲ
1399 2101 1500 2161 οὐκ
1525 2101 1746 2177 ἥκιστα,
1774 2102 1929 2162 ἀλλὰ

330 2192 591 2269 μάλιστα
610 2192 840 2268 Λιβύων
862 2192 991 2251 εἶσί·
1034 2190 1244 2269 νόμους,
1264 2192 1324 2249 δὲ
1347 2189 1476 2252 τούς
1502 2193 1743 2250 πλεῦνας
1766 2190 1925 2265 μιμέ-

332 2281 499 2339 εσθαι
541 2280 925 2355 ἐπιτηδεύουσι
966 2277 1094 2345 τούς
1132 2278 1476 2356 Κυρηναίων.
1527 2275 1897 2352 Ἀσβυστέων
1907 2280 2018 2353 1171

332 2367 393 2425 δὲ
419 2367 641 2445 ἔχονται
666 2366 731 2426 τὰ
760 2360 913 2443 πρὸς,
934 2367 1175 2442 ἑσπέρης
1208 2364 1517 2445 Αὐσχίσαι.
1601 2363 1758 2424 οὗτοι
1784 2361 1936 2442 ὐπὲρ

332 2454 553 2530 Βάρκης
613 2454 872 2523 οἰκέουσι,
928 2452 1256 2528 κατήκοντες
1309 2454 1400 2513 ε’πὶ
1455 2453 1756 2514 θάλασσαν
1812 2452 1927 2512 κατ’

330 2540 730 2617 Εὐεσπερίδας.
793 2540 1127 2619 Αὐσχισέων
1161 2541 1219 2599 δὲ
1253 2542 1392 2601 κατὰ
1415 2543 1594 2618 μέσον
1619 2545 1720 2615 τῆς
1745 2540 1928 2618 χώρης

332 2628 577 2687 οἰκέουσι
631 2628 922 2703 Κάβαλες,
977 2626 1174 2708 ολίγον
1227 2629 1398 2696 ἔθνος,
1454 2627 1784 2701 κατήκοντες
1839 2628 1928 2685 ἐπὶ

333 2713 679 2775 θάλασσαν
676 2715 817 2774 κατοὶ
851 2714 1130 2794 Ταύχειρα
1165 2715 1336 2774 πόλιν
1365 2718 1466 2789 τῆς
1499 2713 1794 2822 Βαρκαίης·
1840 2713 1926 2772 νό-

328 2828 493 2878 μοισι
533 2802 591 2861 δὲ
632 2806 785 2862 τοῖσι
821 2801 1043 2863 αὐτοῖσι
1078 2803 1348 2880 χρέωνται
1377 2804 1532 2860 τοῖσι
1567 2800 1660 2857 καὶ
1693 2802 1747 2858 οἱ
1785 2798 1924 2876 ὐπὲρ

332 2889 609 2967 Κυρήνης.
666 2889 999 2968 Αὐσχισέων
1035 2888 1094 2946 δὲ
1135 2887 1343 2947 τούτων
1376 2887 1442 2947 τὸ
1479 2887 1619 2964 πρός
1650 2888 1888 2962 ἑσπέρης
1907 2890 2021 2945 172

329 2978 553 3057 ἔχονται
590 2982 953 3054 Νασαμῶνες,
984 2977 1140 3039 ἔθνος
1175 2974 1266 3035 ε’ὂν
1301 2974 1560 3034 πολλόν·.
1587 2974 1640 3033 οἳ
1665 2974 1731 3033 τὸ
1767 2974 1925 3051 θέρος

332 3066 758 3128 καταλείποντες
799 3066 890 3124 ἐπὶ
928 3070 999 3144 τῇ
1042 3061 1312 3141 θαλάσσῃ
1353 3061 1424 3122 τοὶ
1469 3062 1752 3140 πρόβατα,
1799 3061 1925 3123 ἅνα-

329 3154 597 3223 βαίνουσι
634 3158 689 3215 ἐς
724 3150 945 3232 Αὔγιλα
979 3156 1163 3232 χῶρον
1199 3152 1556 3230 ὀπωριεῦντες
1584 3153 1712 3215 τούς
1748 3152 1926 3228 φοίνι-

330 3264 447 3301 κας·
491 3242 545 3297 οἱ
585 3239 643 3297 δὲ
682 3240 893 3298 πολλοὶ
933 3241 1025 3299 καὶ
1062 3241 1425 3320 ἀμφιλαφέες
1460 3242 1764 3321 πεφύκασι,
1791 3240 1925 3307 πάν;
