2250 3500
365 139 430 187 σε
981 135 1350 186 mmmmm·
1902 133 1973 200 [1.

365 217 566 294 ἔτρεφε
589 213 627 292 ἦ
651 213 794 297 γυνὴ
817 218 920 276 τοῦ
943 215 1249 292 βουκόλου,
1272 213 1484 290 οὕνομα
1504 212 1655 274 ἄλλο
1682 213 1781 274 κού
1804 240 1862 275 τι
1883 216 1978 276 καὶ

272 305 388 366 114
407 303 471 363 οὗ
499 307 690 380 Κῦρον
718 303 940 380 θεμένη.
1025 303 1143 362 Καὶ
1169 301 1263 362 ὅτε
1289 301 1357 376 δὴ
1383 301 1454 377 ἦν
1480 301 1740 378 δεκαέτης
1766 301 1798 362 ὅ
1824 307 1975 376 παῖς,

363 396 599 473 πρῆγμα
651 395 707 454 ἐς
751 391 919 452 αὐτὸν
969 390 1185 452 τοιόνδε
1230 389 1530 471 γενόμενον
1576 390 1812 469 ἐξέφηνέ
1856 415 1975 468 μιν·

367 481 554 551 ἔπαιζε
580 484 638 540 ἐν
657 485 729 558 τῇ
751 478 906 559 κώμῃ
925 479 1098 556 ταύτῃ
1121 484 1181 538 ἐν
1206 482 1278 557 τῇ
1294 477 1445 554 ἦσαν
1471 479 1563 536 καὶ
1583 481 1647 537 αἶ
1672 480 1977 555 βουκολίαι

365 565 543 639 αὗται,
578 569 764 639 ἔπαιζε
801 568 860 627 δὲ
895 567 1014 644 μετ’
1047 566 1242 626 ἄλλων
1276 566 1486 642 ἡλίκων
1522 571 1580 626 ἐν
1616 565 1745 646 ὁδῷ·
1786 568 1881 627 καὶ
1920 571 1978 630 οἳ

365 656 556 719 παῖδες
574 657 862 728 παίζοντες
878 657 1096 716 εἵλοντο
1119 657 1329 715 ἑωυτῶν
1347 654 1601 730 βασιλέα
1619 654 1757 714 εἶναι
1774 659 1977 718 τοῦτον

364 744 433 820 δὴ
463 744 564 806 τᾶν
592 749 693 805 τοῦ
729 742 1018 821 βουκόλου
1053 743 1354 818 ἐπίκλησιν
1389 741 1581 802 παῖδα·
1624 741 1657 802 ὁ
1674 773 1677 778 ·
1694 743 1755 802 δὲ
1790 743 1977 806 ,aiv-‹31›

365 833 578 902 διέταξε
607 832 735 896 τούς
765 835 870 910 μὲν
902 832 1076 895 οἰκίας
1103 830 1457 907 οἰκοδομέειν,
1484 827 1615 894 τοῧς
1646 830 1709 890 δὲ
1734 830 1974 908 δορυφό-

363 946 494 998 ρους
519 921 674 991 εἶναι,
694 921 794 980 τὸν
812 921 875 980 δέ
899 946 997 980 κου
1016 919 1143 981 τινὰ
1168 918 1349 978 αὐτῶν
1367 917 1671 995 ὀφθαλμόν
1694 919 1973 995 βασιλέος
2013 935 2022 939 “

366 1008 522 1078 εἶναι,
548 1013 624 1086 τῷ
650 1008 713 1066 δέ
740 1034 847 1068 τινι
870 1007 972 1070 τάς
997 1007 1265 1090 ἀγγελίας
1292 1007 1554 1083 ἐσφέρειν
1580 1005 1759 1066 ἐδίδου
1784 1008 1972 1089 γέρας·

365 1094 437 1159 ὥς
475 1093 689 1175 ἑκάστω
723 1096 885 1177 ἔργον
915 1094 1319 1174 προστάσσων.
1404 1095 1481 1158 εἷς
1516 1093 1584 1170 δὴ
1619 1093 1829 1155 τούτων
1862 1101 1975 1158 τῶν

361 1183 594 1243 παιδίων
634 1185 976 1261 συμπαίζων,
1015 1182 1118 1244 ἐῶν
1152 1181 1570 1260 Ἀρτεμβάρεος
1606 1186 1741 1246 παῖς
1775 1181 1976 1262 ἀνδρός

367 1271 598 1348 δοκίμου
625 1277 684 1332 ἐν
709 1271 980 1348 Μήδοισι,
1009 1270 1074 1332 οὖ
1099 1271 1211 1354 γάρ
1237 1271 1307 1347 δή
1337 1272 1567 1347 ε’ποίησε
1591 1270 1658 1331 τό
1683 1296 1974 1352 προσταχ-

363 1360 460 1420 θὲν
485 1365 546 1419 ἐκ
569 1365 670 1421 τοῦ
698 1359 905 1438 Κύρου,
935 1360 1157 1420 ἐκέλευε
1182 1357 1355 1420 αὐτόν
1378 1358 1509 1422 τούς
1534 1358 1747 1422 ἄλλους
1770 1361 1975 1424 παῖδας

364 1449 680 1526 διαλαβεῖν·
720 1449 1060 1526 πειθομένων
1093 1448 1156 1508 δὲ
1185 1451 1297 1508 τῶν
1328 1446 1553 1517 παίδων,
1581 1446 1614 1506 ὁ
1651 1451 1840 1524 Κῦρος
1873 1448 1975 1510 τόν

361 1536 536 1596 παῖδα
560 1537 806 1616 τρηχέως
831 1536 1008 1614 κάρτα
1031 1535 1305 1612 περιέσπε
1328 1536 1666 1616 μαστιγέων·
1700 1535 1734 1596 ὅ
1754 1535 1831 1607 δὲ,
1854 1538 1981 1598 ἐπεί

359 1651 426 1684 τε
455 1627 683 1701 μετείθη
709 1623 978 1702 τάχιστα,
1006 1621 1077 1687 ὥς
1106 1649 1177 1706 γε
1211 1622 1280 1700 δὴ
1312 1622 1511 1692 ἀνάξια
1544 1626 1747 1684 ἑωυτοῦ
1779 1625 1976 1684 παθών

363 1712 590 1790 μᾶλλόν
618 1739 675 1772 τι
712 1713 1089 1789 περιημέκτεε,
1122 1710 1408 1772 κατελθὼν
1444 1711 1503 1771 δὲ
1539 1716 1595 1775 ἐς
1629 1710 1799 1773 πόλιν
1832 1712 1975 1791 πρός

360 1800 461 1860 τὸν
476 1801 691 1877 πατέρα
711 1799 1058 1871 ἀποικτίζετο
1077 1804 1188 1860 τῶν
1204 1798 1315 1859 ὕπό
1338 1798 1529 1877 Κύρου
1546 1798 1774 1877 ἤντησε,
1791 1802 1976 1882 λέγων

365 1888 426 1947 δὲ
462 1887 525 1947 οὗ
563 1887 770 1966 Κύρου,
805 1886 899 1967 (οὔ
928 1887 1040 1969 γάρ
1077 1914 1154 1947 κω
1187 1887 1260 1964 ἦν
1292 1892 1459 1948 τοῦτο
1492 1887 1781 1968 τοῦνομα,)
1818 1888 1977 1951 ἀλλά

362 1975 505 2054 πρός
528 1980 630 2036 τοῦ
653 1975 942 2053 βουκόλου
966 1980 1068 2037 τοῦ
1091 1975 1437 2057 Ἀστυάγεος
1459 1976 1675 2039 παιδός·
1708 1975 1741 2037 ὁ
1762 1976 1823 2035 δὲ
1845 1975 1975 2055 Ἀρ-

361 2064 651 2144 τεμβάρης
682 2064 841 2147 ὀργῇ,
870 2064 943 2128 ὥς
979 2064 1110 2145 εἶχε,
1140 2063 1321 2124 ε’λθῶν
1344 2062 1499 2141 παρά
1532 2063 1631 2124 τὸν
1653 2061 1975 2145 Ἀστυάγεα

364 2152 458 2214 καὶ
482 2152 600 2232 ἅμα
625 2153 897 2235 ἀγόμενος
919 2152 1021 2215 vav
1046 2152 1237 2223 παῖδα,
1266 2150 1508 2230 ἀνάρσια
1531 2150 1841 2233 πρήγματα
1861 2154 1974 2231 ἔφη

362 2244 712 2313 πεπονθέναι,
734 2243 933 2324 λέγων·
969 2251 1006 2277 “
1016 2241 1058 2301 ὦ
1082 2243 1352 2318 βασιλεῦ,
1374 2238 1485 2300 ὖπό
1508 2243 1611 2300 τοῦ
1636 2244 1747 2301 <rofi
1766 2239 1975 2303 δούλου

364 2330 648 2407 βουκόλου
675 2330 734 2389 δὲ
759 2330 957 2393 παιδός
976 2327 1081 2389 ὦδε
1099 2327 1605 2407 περιϋβρίσμεθα,”
1619 2327 1854 2407 (δεικνῧς
1870 2335 1976 2391 τοῦ

273 2421 388 2477 115
405 2416 605 2480 παιὸὂς
630 2416 758 2479 τούς
784 2415 1007 2496 ὤμους.)
1086 2415 1367 2479 Ἀκούσας
1398 2417 1458 2476 δὲ
1490 2417 1583 2475 καὶ
1616 2416 1743 2477 ἰδὼν
1768 2415 1802 2477 ὅ
1835 2415 1977 2479 Ἀσ-

364 2502 587 2585 τυάγης,
610 2504 789 2564 θέλων
805 2508 1125 2582 τιμωρῆσαι
1148 2508 1226 2584 τῷ
1243 2504 1401 2565 παιδὶ
1424 2508 1591 2581 τιμῆς
1613 2509 1716 2582 τῆς
1738 2503 1976 2583 Ἀρτεμ-

364 2591 572 2669 βάρεος
599 2592 792 2665 εἵνεκα,
819 2593 1206 2669 μετεπέμπετο
1229 2592 1329 2653 τόν
1351 2618 1414 2653 τε
1440 2593 1727 2670 βουκόλον
1752 2594 1846 2652 καὶ
1874 2594 1979 2654 τὸν

365 2680 560 2740 παῖδα·
600 2680 726 2740 ἐπεί
749 2705 813 2740 τε
838 2680 898 2740 δὲ
921 2684 1190 2759 παρῆσαν
1215 2679 1545 2759 ἀμφότεροι,
1570 2681 1800 2760 βλέψας
1830 2681 1983 2759 πρός

363 2767 465 2830 τόν
496 2772 686 2847 Κῦρον
711 2768 743 2829 ὅ
773 2766 1093 2851 Ἀστυάγης
1125 2769 1257 2845 ἔφη·
1298 2767 1419 2829 “σύ
1444 2768 1515 2844 δὴ
1542 2768 1645 2829 ε’ὣν
1667 2768 1831 2829 τοῦδε
1861 2794 1983 2830 τοι·

366 2855 531 2917 ούτου
556 2856 740 2919 ἐόντος
762 2860 910 2927 παῖς,
933 2856 1256 2934 ἐτόλμησας
1278 2855 1378 2917 τᾶν
1401 2856 1565 2917 τοῦδε
1589 2857 1764 2917 παῖδα
1790 2854 1985 2921 ἐόντος

366 2943 589 3021 πρώτου
627 2944 758 3023 παρ’
791 2945 917 3021 ἐμοὶ
955 2943 1164 3023 ἀεικείῃ
1201 2944 1391 3022 τοιῇδε
1426 2948 1726 3022 περισπεῖν
1743 2944 1801 3015 ;”
1839 2943 1874 3005 ὅ
1915 2946 1983 3006 δὲ

367 3030 636 3109 ἀμείβετο
663 3030 787 3092 ὦδε·
821 3030 907 3090 “ὧ
922 3030 1191 3101 δέσποτα,
1212 3031 1318 3111 ἐγῶ
1338 3032 1398 3091 δὲ
1415 3038 1593 3093 ταῦτα
1610 3038 1811 3094 τοῦτον
1827 3034 1981 3095 ἐποί-

369 3143 487 3191 ησα
512 3118 620 3179 σῦν
641 3119 783 3197 δίκῃ·
816 3119 872 3179 οἶ
893 3117 1003 3199 γάρ
1025 3142 1098 3192 με
1119 3121 1181 3175 ἐκ
1198 3121 1301 3193 τῆς
1320 3118 1505 3195 κώμης
1522 3121 1733 3193 παῖδες,
1751 3124 1864 3182 τῶν
1880 3122 2007 3197 καῖ’

371 3202 470 3261 ὅδε
497 3202 585 3277 ἦν,
608 3207 898 3275 παίζοντες
928 3203 1124 3278 σφέων
1151 3202 1331 3264 αὐτῶν
1358 3206 1673 3282 ἐστήσαντο
1699 3211 1986 3286 βασιλέα·

374 3286 591 3347 ἐδόκεον
619 3291 730 3369 γάρ
761 3297 875 3366 σφι
915 3290 1054 3349 εἶναι
1094 3292 1355 3351 ε’ς’τοῦτο
1392 3294 1839 3371 ἐπιτηδειότατος.
1924 3300 1993 3359 οἶ
