2250 3500
347 123 443 170 330
958 116 1330 166 ·111>0A0·ro⁴1=
1833 113 1964 177 [IV.

346 198 453 275 τήν
492 196 758 274 Νευρίδα·
812 193 1252 273 ταρασσομένων
1293 193 1354 252 δὲ
1395 193 1490 252 καὶ
1528 190 1756 263 τούτων,
1792 191 1971 266 ἤϊσαν

348 285 764 364 υποφεύγοντες
791 287 845 344 οἳ
874 283 1139 349 Σκύθαι’
1112 309 1168 345 ες
1192 308 1326 345 τους
1348 280 1758 363 Ἀγαθύρσους·
1799 280 1972 362 Ἀγά·

350 376 552 452 θυρσοι
578 372 697 431 δὲε
666 372 919 449 ορέοντες
948 372 1041 431 καὶ
1064 396 1196 434 τους
1221 369 1499 447 ὁμούρους
1521 369 1888 450 φεύγονταςε
1853 397 1970 430 υπο

353 463 608 528 Σκυθέων
640 461 734 520 καὶ
771 460 1229 541 τεταραγμένους,
1257 460 1391 536 πρὶν
1428 457 1468 534 ἦ
1509 463 1624 534 σφι
1661 457 1971 533 ἐμβαλέειν

350 551 482 614 τούς
523 550 757 618 Σκύθας,
800 549 1119 626 πέμψαντες
1161 545 1372 624 κήρυκα
1425 544 1778 626 ἀπηγόρευον
1829 547 1969 609 Σκύ-

358 640 497 717 θῃσι
530 637 611 715 μὴ
646 638 953 714 ἐπιβαίνειν
977 638 1087 695 τῶν
1119 633 1412 710 σφετέρων
1439 632 1632 710 οὔρων,
1658 632 1972 712 προλέγον-

353 751 445 790 τες
498 725 570 788 ὦς
622 729 671 784 εἰ
722 723 1087 801 πειρήσονται
1141 721 1506 798 ἐσβαλόντες,
1548 719 1726 796 σφίσι
1771 725 1970 796 πρῶτα

354 812 825 892 διαμαχήσονται.
891 810 1240 890 Ἀγάθυρσοι
1263 811 1367 885 μὲν
1392 808 1759 886 προείπαντες
1790 813 1970 868 ταῦτα

356 901 631 977 ἐβοήθεον
657 901 751 958 ἐπὶ
776 899 905 963 τούς
932 897 1143 974 οὔρους,
1173 896 1384 974 ἐρύκειν
1412 902 1471 957 ἐν
1495 899 1570 974 νῷ
1595 896 1815 974 ἔχοντες
1839 896 1970 960 τοῦς

355 988 627 1050 ἐπιόντας.
699 985 1134 1065 Μελάγχλαινοι
1187 985 1247 1043 δὲ
1300 984 1394 1043 καὶ
1445 983 1828 1062 Ἀνδροφάγοι
1876 985 1971 1043 καὶ

354 1075 581 1152 Νευροὶ,
637 1073 1007 1150 ἐσβαλόντων
1056 1076 1168 1134 τῶν
1216 1071 1486 1149 Περσέων
1529 1071 1648 1148 ἅμα
1695 1071 1969 1151 Σκύθῃσι,

354 1162 482 1222 οὔτε
535 1160 676 1238 πρός
730 1159 911 1236 άλκήν
964 1160 1270 1237 ἐτράποντο
1324 1158 1730 1236 ἐπιλαθόμενοί
1765 1185 1830 1218 τε
1871 1165 1974 1236 τῆς

354 1249 595 1326 ἀπειλῆς
636 1250 877 1329 ἔφευγον
914 1248 1023 1306 αἰεὶ
1046 1247 1114 1308 τὰ
1143 1247 1286 1325 πρὸς
1319 1246 1508 1324 βορέω
1535 1251 1592 1310 ἐς
1615 1246 1722 1322 τὴν
1761 1250 1974 1324 ἐρῆμον

354 1337 774 1419 τεταραγμένοι·
818 1363 871 1396 οι
898 1336 959 1395 δε
986 1335 1251 1400 Σκύθαι’
1225 1361 1280 1398 ες
1305 1338 1409 1412 μὲν
1427 1361 1557 1398 τους
1579 1334 1972 1415 Ἀγαθύρσους

357 1427 543 1487 ουκέτι
570 1425 911 1488 ἀπείπαντας
936 1423 1282 1484 ἀπικνέοντο·
1317 1425 1372 1483 οἱ
1398 1423 1510 1482 δὲ’
1485 1448 1546 1482 εκ
1570 1427 1672 1497 τῆς
1698 1424 1975 1500 Νευρίδος

356 1515 541 1593 χώρης
568 1519 625 1576 ἐς
648 1513 753 1590 τήν
780 1511 1063 1589 σφετέρην
1091 1510 1430 1592 κατηγέοντο
1455 1513 1610 1570 τοῖσι
1639 1509 1933 1588 Πέρσῃσι.

268 1604 379 1661 126
462 1601 561 1665 Ὧς
601 1601 661 1660 δὲ
700 1600 925 1660 πολλόν
958 1602 1129 1660 τοῦτο
1167 1599 1378 1679 ἐγίνετο
1425 1597 1518 1657 καὶ
1565 1597 1667 1658 οὐκ
1715 1597 1974 1671 ἐπαύετο,

356 1689 584 1767 πέμψας
618 1692 855 1766 Δαρεῖος
895 1686 1067 1745 ἱππέα
1097 1685 1254 1763 παραὶ
1287 1684 1388 1746 τᾶν
1424 1687 1680 1751 Σκυθέων
1713 1687 1978 1763 βασιλέα

356 1775 720 1852 Ἰδάνθυρσον
752 1776 912 1855 ἔλεγε
951 1774 1103 1833 τάδε·
1147 1786 1184 1811 “
1203 1775 1452 1853 δαιμόνιε
1487 1773 1716 1853 ἀνδρῶν,
1749 1776 1812 1835 τί
1839 1776 1977 1851 φεύ-

356 1888 474 1943 γεις
499 1864 608 1922 αἰεὶ
634 1862 759 1932 ἐξόν
776 1887 865 1921 τοι
890 1862 1063 1923 τῶνδε
1086 1862 1161 1923 τοὶ
1188 1863 1350 1940 ἕτερα
1373 1864 1614 1933 ποιέειν;
1658 1866 1707 1923 εἰ
1731 1865 1837 1939 μὲν
1863 1863 1978 1943 γάρ

357 1950 661 2029 ἀξιόχρεως
700 1949 907 2015 δοκέεις
949 1949 1090 2011 εἶναι
1132 1955 1356 2030 σεωυτῷ
1399 1954 1554 2011 τοῖσι
1599 1944 1790 2028 ἐμοῖσι
1831 1952 1978 2029 πρή-

356 2064 544 2120 γμασι
582 2038 929 2114 ἀντιωθῆναι,
970 2037 1045 2097 σύ
1088 2038 1148 2098 δὲ
1189 2038 1330 2101 στάς
1373 2064 1438 2099 τε
1481 2040 1574 2098 καὶ
1613 2037 1980 2116 παυσάμενος

358 2127 577 2204 πλάνης
612 2126 919 2206 μάχεσθαι·
964 2128 1015 2184 εἴ
1044 2125 1104 2184 δὲ
1144 2126 1558 2205 συγγινώσκεαι
1585 2126 1724 2187 εἶναι
1754 2125 1977 2202 ἥσσων,

360 2215 437 2274 σι)
471 2216 529 2274 δὲ
568 2217 661 2275 καὶ
677 2239 679 2241 ’
698 2214 839 2274 οὕτω
866 2212 1228 2290 παυσάμενος
1250 2218 1353 2273 τοῦ
1381 2212 1592 2292 δρόμου
1619 2213 1872 2293 δεσπότῃ
1898 2220 1982 2293 τῷ

360 2306 445 2381 σῷ
484 2303 633 2379 δῶρα
673 2303 860 2380 φέρων
893 2305 1003 2381 γῆν
1040 2328 1102 2361 τε
1141 2300 1234 2361 καὶ
1261 2301 1404 2378 ὕδωρ
1445 2303 1580 2362 ἐλθὲ
1619 2306 1675 2366 ἐς
1715 2301 1982 2383 λόγους.”

266 2390 379 2451 127
404 2388 560 2465 Πρός
582 2393 761 2448 ταῦτα
786 2388 819 2448 ὁ
848 2389 1104 2454 Σκυθέων
1119 2388 1402 2465 βασιλεῦς
1425 2388 1788 2466 Ἰδάνθυρσος
1814 2391 1983 2470 ἕλε-γε

358 2474 510 2535 τάδε·
552 2485 589 2511 “
606 2475 748 2535 οὕτω
772 2475 840 2535 τὰ
870 2475 1007 2553 ἐμόν
1033 2477 1165 2556 ἔχει,
1195 2474 1237 2535 ὦ
1271 2476 1495 2554 Πέρσα·
1537 2476 1646 2558 ἐγὼ
1673 2475 1874 2537 οὐδένα
1901 2504 1984 2536 κω

359 2560 663 2639 ἀνθρώπων
690 2563 881 2625 δείσας
907 2563 1136 2643 ἔφυγον,
1166 2563 1293 2624 οὔτε
1317 2564 1590 2642 πρότερον
1617 2564 1746 2624 οὔτε
1771 2569 1872 2625 νῦν
1905 2592 1984 2625 σε

360 2650 570 2732 φεύγω·
613 2650 741 2710 ούδέ
773 2676 830 2709 τι
864 2649 1132 2727 νεώτερόν
1163 2655 1277 2729 εἶμι
1297 2651 1560 2727 ποιήσας
1589 2655 1690 2713 νῦν
1713 2649 1753 2728 ἢ
1781 2652 1876 2711 καὶ
1917 2658 1982 2714 ἐν

361 2738 550 2817 εἰρήνῃ
588 2738 761 2799 ἐώθεα
794 2738 1022 2798 ποιέειν.
1092 2737 1130 2799 δ’
1154 2764 1214 2799 τι
1249 2739 1310 2799 δὲ
1343 2738 1444 2799 ούκ
1475 2739 1676 2799 αὐτίκα
1713 2740 1990 2819 μάχομαί

362 2851 467 2895 τοι,
504 2826 611 2907 ἐγω
644 2826 735 2885 καὶ
770 2830 939 2885 τοῦτο
982 2827 1268 2902 σημανέω·
1307 2826 1446 2905 ἡμῖν
1477 2827 1604 2888 οὔτε
1640 2826 1824 2888 ἄστεα
1851 2854 1985 2889 ουτε

358 2914 437 2989 γῆ
463 2913 905 2994 πεφυτευμένη’
880 2912 1021 2981 εστὶ,
1048 2917 1161 2973 τῶν
1179 2913 1307 2992 πέρι
1335 2915 1619 2979 δείσαντες
1642 2915 1726 2992 μή
1753 2914 1984 2994 αλῴη*
1945 2942 1984 2992 η

359 3000 520 3073 καρῇ,
548 2997 853 3075 ταχύτερον
894 3024 1316 3081 συμμισγοιμεν
1341 2999 1411 3062 αν
1439 3008 1494 3066 ἐς
1518 3003 1711 3081 μάχην
1735 3002 1892 3079 ὑμῖν·
1935 3008 1985 3063 εἷ

358 3080 419 3137 δὲ
460 3083 575 3141 δέοι
613 3084 831 3147 πάντως
870 3090 926 3148 ἐς
963 3089 1136 3145 τοῦτο
1179 3112 1320 3147 κατα
1367 3089 1542 3168 τάχος
1589 3088 1982 3161 ἀπικνέεσθαι,

357 3167 703 3241 τυγχάνουσι
728 3169 866 3246 ἡμῖν
894 3170 1075 3233 ἐόντες
1097 3172 1277 3249 τάφοι
1303 3176 1592 3254 πατρῶἳοι,
1611 3177 1834 3254 φέρετε,
1851 3177 1982 3239 τού-

359 3268 489 3307 τους
514 3250 838 3326 ἀνευρόντες
862 3258 1128 3335 συγχέειν
1150 3264 1428 3335 πειρᾶσθε
1455 3264 1674 3327 αὐτούς·
1716 3264 1812 3323 καὶ
1839 3265 1981 3344 γνώ-
