2250 3500
310 115 406 166 182
911 115 1279 166 ἮΡοΔοτοτ
1438 137 1449 148 ·
1814 111 1917 175 [11.

305 193 367 254 δὲ
417 191 558 270 πρός
608 191 772 254 νότον
823 193 1199 271 τετραμμένα
1248 192 1529 271 συνεχέες·
1608 193 1806 270 τοῖχος
1856 193 1921 254 δὲ

305 279 562 348 ἔξωθεν“
527 306 562 338 ο
587 278 754 342 αύτός
779 286 965 355 σφεας
987 279 1286 360 περιέργει.
1356 278 1637 355 οἰκήματα
1662 279 1763 338 δ’*
1732 305 1919 364 ενεστι

306 365 496 436 διπλᾶ,
522 392 594 426 τα
631 393 734 443 μεν
770 366 1016 448 ύπόγαια
1048 393 1122 427 τα
1149 367 1209 425 δὲ
1244 366 1495 444 μετέωρα
1520 365 1606 426 ἐπ’
1636 366 1919 438 ἐκείνοισι,

305 455 599 532 τρισχίλια
624 451 882 532 α’ριθμὸν,
909 455 1291 515 πεντακοσίων
1318 454 1411 512 καὶ
1436 454 1638 532 χιλίων
1664 453 1919 533 ἑκάτερα.

305 539 379 600 τὰ
401 541 508 618 μέν
531 567 628 602 νυν
651 542 902 619 μετέωρα
925 545 1035 603 τῶν
1061 540 1376 618 οἰκημάτων
1392 540 1568 601 ἀὐτοί
1593 567 1657 602 τε
1683 540 1922 619 ὁρέομεν

305 626 595 697 διεξιόντες
646 630 738 689 καὶ
789 628 949 689 αὐτοὶ
995 628 1335 706 θεησάμενοι
1386 628 1649 708 λέγομεν·
1730 628 1807 689 τὰ
1858 630 1922 690 δὲ

308 714 489 777 αύτῶν
526 716 772 798 ὑπόγαια
811 715 1040 797 λόγοισι
1079 715 1520 793 ἐπυνθανόμεθα·
1562 719 1621 776 οἱ
1647 715 1759 797 γὰρ
1796 720 1920 776 ε’πε-

309 809 546 868 στεῶτες
596 809 706 866 τῶν
758 803 1074 884 Αἰγυπτίων
1136 803 1409 864 δεικνύναι
1468 802 1613 864 αὐτὰ
1665 802 1922 882 οὐδαμῶς

308 889 532 964 ἤθελον,
575 891 818 968 φάμενοι
858 891 1032 966 θήκας
1069 889 1267 952 αὐτόθι
1306 890 1447 950 εἶναι
1485 893 1596 951 τῶν
1632 916 1698 951 τε
1736 890 1921 970 ἀρχὴν

312 977 413 1036 τὸν
452 977 797 1054 λαβύρινθον
830 982 1032 1038 τοῦτον
1073 978 1599 1056 οἰκοδομησαμένων
1623 980 1921 1056 βασιλέων

311 1064 405 1122 καὶ
429 1070 540 1125 τῶν
573 1067 703 1142 ἶραῖν
722 1065 1124 1142 κροκοδείλων·
1148 1064 1311 1125 ὀὕτω
1339 1070 1451 1125 τῶν
1484 1067 1589 1142 μὲν
1616 1065 1765 1127 κάτω
1789 1068 1921 1145 πέρι

314 1151 625 1227 οἰκημάτων
652 1151 794 1230 οἷκοῇ
819 1149 1251 1231 παραλαβόντες
1286 1153 1549 1233 λέγομεν·
1589 1152 1663 1212 τὰ
1698 1153 1759 1213 δὲ
1788 1153 1918 1226 ἅνω,

309 1239 517 1315 μέζονα
543 1239 904 1317 ἀνθρωπηΐων
933 1242 1106 1324 ἔργων
1133 1239 1294 1300 αὐτοὶ
1326 1239 1579 1317 ὁρέομεν·
1622 1241 1687 1301 αἶ
1716 1267 1780 1303 τε
1804 1242 1919 1322 γοῖρ

313 1326 491 1396 ἔξοδοι
517 1327 610 1387 διὰ
633 1331 744 1388 τῶν
770 1331 1012 1410 στεγέων
1037 1328 1133 1388 καὶ
1159 1331 1214 1388 οἱ
1241 1328 1465 1407 ἑλιγμοὶ
1492 1327 1585 1386 διαὶ
1618 1331 1730 1388 τῶν
1754 1328 1920 1390 αὐλέ-

311 1440 404 1485 ων,
446 1415 628 1482 ἐόντες
666 1416 1078 1486 ποικιλώτατοι,
1111 1417 1307 1492 θῶυμα
1344 1416 1544 1492 μυρίον
1580 1417 1921 1498 παρείχοντο

312 1502 376 1572 ἐξ
405 1503 583 1580 αὐλῆς
620 1529 684 1564 τε
725 1509 780 1568 ἐς
814 1530 888 1564 τα
928 1503 1207 1590 οἰκήματα
1253 1502 1537 1572 διεξιοῦσι,
1576 1505 1671 1562 καὶ
1708 1509 1769 1563 ἐκ
1808 1509 1921 1566 τῶν

315 1591 626 1668 οἰκημάτων
661 1597 717 1655 ἐς
756 1591 1065 1661 παστάδας,
1106 1596 1163 1654 ἐς
1188 1590 1396 1672 στέγας
1419 1615 1483 1650 τε
1508 1589 1747 1654 ἄλλος’
1721 1618 1783 1651 εκ
1807 1596 1921 1654 τῶν

314 1679 634 1748 πασταδων,
657 1699 756 1738 και
795 1684 852 1742 ἐς
891 1677 1069 1741 αύλας
1107 1676 1292 1742 αλλας
1331 1683 1393 1738 ἐκ
1431 1703 1544 1739 των
1583 1679 1918 1757 οἷκηματων·

315 1762 500 1842 ὀροφὴ
538 1767 598 1825 δὲ
629 1765 850 1827 πάντων
884 1765 1092 1827 τούτων
1127 1766 1332 1843 λιθίνη,
1362 1766 1607 1845 κατάπερ
1634 1793 1689 1827 οι
1713 1773 1919 1849 τοῖχοι·

315 1855 370 1912 οἱ
395 1852 455 1911 δὲ
488 1856 674 1932 τοῖχοι
697 1853 884 1915 τύπων
919 1855 1384 1935 ἐγγεγλυμμένων
1417 1855 1604 1915 πλέοι·
1672 1854 1823 1933 αύλή
1858 1857 1920 1918 δὲ

313 1939 524 2019 ἑκάστη
574 1942 930 2020 περίστυλος,
983 1942 1150 2002 λίθου
1190 1946 1395 2001 λευκοῦ
1442 1941 1807 2020 αρμοσμένου
1843 1971 1921 2006 τα

313 2028 592 2107 μάλιστα·
653 2033 756 2107 τῆς
791 2030 851 2091 δὲ
883 2030 1084 2112 γωνίης
1117 2033 1485 2138 τελευτῶντος
1516 2034 1618 2091 τοῦ
1648 2033 1920 2111 λαβυρίν-

319 2119 487 2179 θου”
458 2145 644 2199 εχεται
673 2120 918 2197 πυραμὶς
945 2112 1563 2199 τεσσερακοντόργυιος,
1592 2122 1653 2179 ἐν
1691 2124 1766 2199 τῇ
1806 2122 1921 2193 ζῶα

313 2207 540 2289 μεγάλα
586 2209 981 2291 ἐγγέγλυπται·
1049 2205 1178 2271 ὁδός
1220 2204 1269 2265 δ’
1316 2209 1373 2270 ἐς
1417 2204 1592 2282 αὗτὴν
1642 2206 1757 2268 ύπό
1808 2213 1921 2291 γῆν

316 2296 634 2373 πεποίηται.

225 2384 336 2442 149
395 2387 507 2441 Τοῦ
533 2384 595 2442 δε
618 2384 967 2493 λαβυρίνθου
992 2384 1193 2445 τούτου
1218 2383 1405 2447 ἐόντος
1423 2380 1696 2454 τοιούτου,
1724 2383 1921 2461 θῶυμα

317 2469 398 2529 ἔτι
441 2471 610 2545 μέζον
654 2471 959 2549 παρέχεται
1003 2473 1043 2547 ἡ
1087 2472 1341 2581 Μοίριος
1369 2472 1683 2548 καλεομένη
1726 2472 1919 2548 λίμνη,

315 2554 445 2634 παρ’
484 2556 554 2633 ἣν
592 2555 626 2617 ό
665 2558 1010 2636 λαβύρινθος
1050 2585 1213 2624 ουτος
1253 2558 1629 2636 οἰκοδόμηται.
1710 2561 1815 2634 τῆς
1851 2559 1920 2620 τὸ

315 2646 646 2724 περίμετρον
680 2649 782 2721 τῆς
819 2646 1079 2724 περιόδου
1120 2646 1234 2707 εἰσὶ
1270 2645 1491 2706 στάδιοι
1517 2645 1801 2715 ἑξακόσιοι
1827 2647 1921 2707 καὶ

314 2735 640 2814 τρισχίλιοι,
671 2734 912 2814 σχοίνων
939 2733 1207 2811 ἑξήκοντα
1243 2733 1457 2804 ἐόντων,
1484 2735 1604 2793 ἶσοι
1630 2732 1726 2793 καὶ
1750 2731 1923 2811 αὐτῆς

316 2822 604 2903 Αἰγύπτου
641 2821 707 2883 τό
747 2822 900 2899 παραὶ
941 2821 1266 2884 θάλασσαν.
1349 2822 1532 2881 κέεται
1566 2821 1629 2881 δὲ
1661 2821 1851 2899 μακρὴ
1882 2822 1921 2899 ἦ

315 2910 489 2987 λίμνη
521 2908 662 2987 πρὸς
697 2911 910 2987 βορέην
947 2936 1010 2971 τε
1047 2909 1141 2968 καὶ
1177 2908 1358 2979 νότον,
1402 2912 1579 2969 ἐοῦσα
1611 2908 1814 2986 βάθος,
1849 2914 1923 2989 τῇ

313 2996 606 3073 βαθυτάτη
650 2998 789 3072 αὕτη
839 3001 1055 3072 ἑωυτῆς,
1092 2995 1642 3078 πεντηκοντόργυιος.
1725 2995 1817 3057 ὅτι
1864 2998 1924 3057 δὲ

319 3084 708 3161 χειροποίητός
747 3088 871 3145 ἐστι
913 3084 1006 3143 καὶ
1043 3083 1249 3159 ὀρυκτή
1290 3082 1433 3160 αὐτὴ
1473 3085 1657 3161 δηλοῖ·
1710 3088 1773 3145 ἐν
1811 3085 1925 3167 γὰρ

316 3168 468 3246 μέσῃ
506 3174 578 3248 τῇ
617 3171 789 3249 λίμνῃ
827 3170 1085 3247 μάλιστα
1125 3195 1197 3245 κη
1225 3168 1428 3231 ἑστᾶσι
1457 3170 1558 3231 δύο
1596 3174 1925 3250 πυραμίδες,

313 3254 416 3309 τοΰ
439 3253 638 3318 ὕδατος
661 3254 1038 3337 ύπερέχουσαι
1055 3254 1399 3331 πεντήκοντα
1416 3256 1644 3339 ὀργυιᾶς
1670 3260 1925 3338 ἑκατέρη,
