2250 3500
337 108 557 175 29—32]
1026 112 1296 163 οΛΛΕῙΔ.
1841 116 1939 165 215

333 187 405 264 ἦν
432 192 487 248 οἱ
518 186 671 266 ἀνήρ’
697 189 967 268 Περσέων
997 189 1356 262 πιστότατος,
1393 189 1798 253 ἀποκτενέοντά
1821 216 1939 268 μιν·

334 275 369 335 ὁ
408 276 469 335 δὲ
512 274 736 353 ἅναβσῖς
774 282 832 341 ἐς
870 278 1067 343 Σοῦσα
1104 277 1392 343 α’πέκτεινε
1431 279 1687 357 Σμέρδιν,
1743 282 1796 338 οἶ
1834 281 1940 356 μὶν

285 439 303 445 q
334 364 573 445 λέγουσι
610 363 697 423 ἐπ’
738 365 915 446 ἄγρην
952 363 1315 447 ἐξαγαγόντα,
1353 368 1409 425 οἱ
1443 366 1521 437 δὲ,
1555 372 1610 430 ἐς
1638 365 1744 442 τὴν
1777 365 1936 445 Ἐρυ-

334 450 475 528 θρὴν
500 451 809 513 θάλασσαν
832 452 1276 534 προσαγαγόντα
1300 458 1748 515 καταποντῶσαι.

415 542 653 616 Πρῶτον
702 542 807 617 μὲν
858 540 929 616 δὴ
971 542 1210 621 λέγουσι
1249 540 1546 620 Καμβύσῃ
1590 544 1702 601 τῶν
1753 545 1934 602 κακῶν
1953 544 2024 603 31

333 623 499 703 ἄρξαι
523 630 713 687 τοῦτο.
786 626 1015 705 δεύτερα
1040 628 1101 688 δὲ
1128 626 1474 710 ἐξεργάσατο
1499 626 1606 705 τήν
1632 626 1932 705 ἀδελφεήν,

334 715 717 791 ἐπισπομένην
751 717 807 776 οἱ
846 720 905 779 ἐς
940 716 1252 823 Αἴγυπτον,
1257 718 1358 844 ,τῇ
1399 714 1492 775 καὶ
1531 716 1800 777 συνοίκεε·
1841 715 1936 776 καὶ

334 887 587 966 οὐδαμῶς
633 889 747 971 γὰρ
799 890 1045 951 ἐώθεσαν
1100 891 1376 970 πρότερον
1425 892 1566 972 τῇσι
1616 890 1933 970 ἀδελφεῇσι

332 978 637 1037 συνοικέειν
687 977 933 1055 Πέρσαι·
1009 976 1240 1057 η’ροῖσθη
1290 983 1424 1056 μιῆς
1477 982 1590 1039 τῶν
1643 978 1934 1056 ἀδελφεῶν

333 1064 674 1143 Καμβύσης,
730 1066 825 1126 καὶ
846 1140 851 1145 1
876 1066 1067 1127 ἔπειτα
1121 1066 1476 1145 βουλόμενος
1527 1065 1701 1144 αὐτὴν
1750 1072 1932 1148 γῆμαι

332 1150 443 1231 (ὅτι
483 1152 585 1214 οὐκ
627 1153 839 1215 ἐωθότα
880 1154 1101 1216 ἐπενόεε
1141 1154 1422 1236 ποιήσειν)
1465 1154 1642 1234 εἴρετο
1685 1157 1934 1219 καλέσας

232 1254 243 1263 “
329 1238 460 1343 τούς
480 1242 823 1318 βασιληίους
848 1241 1117 1307 δικαστὰς
1153 1243 1205 1305 εἴ
1229 1244 1314 1307 τίς
1353 1248 1477 1303 ἐστι
1514 1241 1739 1302 κωλύων
1761 1243 1933 1319 νόμος

330 1325 431 1387 τόν
452 1329 806 1407 βουλόμενον
824 1330 1079 1408 ἀδελφεῇ
1104 1330 1444 1397 συνοικέειν;
1477 1329 1611 1387 οἶδὲ
1629 1329 1931 1405 βασιλήιοι

332 1414 593 1491 δικασταὶ
620 1418 933 1495 κεκριμένοι
962 1417 1155 1495 ἄνδρες
1185 1416 1435 1497 γίνονται
1469 1416 1753 1493 Περσέων,
1782 1421 1837 1479 ἐς
1864 1441 1929 1477 ου

312 1496 734 1565 αποθοῖνωσι”
694 1531 735 1581 η
773 1512 888 1583 σφι
922 1506 1238 1585 παρευρεθῇ
1271 1530 1330 1565 τι
1359 1502 1566 1573 ἄδικον,
1606 1504 1776 1583 μέχρι
1807 1502 1932 1563 τού-

331 1615 451 1651 του·
492 1617 649 1653 ουτοι
690 1593 751 1653 δὲ
792 1596 949 1654 τοῖσι
994 1594 1264 1673 Πέρσῃσι
1309 1590 1470 1662 δίκας
1509 1591 1796 1663 δικάζουσι
1837 1591 1931 1650 καὶ

334 1678 599 1762 ἐξηγηταὶ
628 1684 741 1742 τῶν
775 1682 1023 1761 πατρίων
1052 1682 1282 1760 θεσμῶν
1318 1680 1585 1764 γίνονται·
1626 1680 1720 1739 καὶ
1748 1679 1933 1741 πάντα

334 1771 393 1832 ἐς
413 1767 642 1834 τούτους
666 1769 983 1831 ἀνακέαται·
1024 1771 1308 1849 εἰρομένου
1339 1769 1415 1831 ὧν
1444 1773 1548 1831 τοῦ
1584 1768 1932 1848 Καμβύσεω,

332 1854 692 1934 ὕπεκρίνοντο
744 1856 893 1938 αύτῷ
944 1856 1099 1920 οὗτοι
1141 1859 1234 1920 καὶ
1287 1858 1472 1918 δίκαια
1511 1858 1605 1918 καὶ
1643 1858 1932 1935 ἀσφαλέα,

336 1944 583 2022 φάμενοι
620 1945 795 2023 νόμον
834 1944 1031 2008 οὐδένα
1070 1945 1408 2024 ἐξευρίσκειν
1443 1945 1507 2009 ὃς
1543 1945 1742 2006 κωλύει
1773 1945 1934 2005 ἀδελ-

336 2035 451 2111 φεῇ
480 2034 782 2094 συνοικέειν
809 2032 1109 2111 ἀδελφεόν·
1150 2033 1346 2094 ἄλλον
1368 2033 1562 2110 μέντοι
1591 2033 1935 2110 ἐξευρηκέναι

335 2118 526 2196 νόμον,
565 2125 643 2200 τῷ
678 2120 1051 2198 βασιλεύοντι
1087 2120 1360 2199 Περσέων
1398 2119 1600 2189 ἐξεῖναι
1636 2121 1845 2180 ποιέειν
1867 2117 1936 2179 τό

336 2205 405 2268 ἂν
427 2207 729 2286 βούληται.
782 2236 924 2271 ουτω
951 2207 1079 2270 οὔτε
1100 2208 1203 2271 τόν
1223 2207 1398 2286 νόμον
1425 2209 1639 2267 ἔλυσαν.
1655 2207 1938 2270 δείσαντες

337 2296 739 2373 Καμβύσεα,’
714 2323 805 2359 ινα
840 2323 906 2360 τε
942 2298 1026 2387 μή
1067 2296 1226 2359 αὐτοὶ
1265 2295 1590 2357 ἀπόλωνται
1624 2295 1726 2370 τόν
1764 2293 1938 2372 νόμον

335 2384 803 2462 περιστέλλοντες
840 2386 1182 2465 παρεξεῦρον
1217 2383 1400 2446 αλλον
1433 2383 1607 2462 νόμον
1637 2383 1940 2464 σύμμαχον

334 2475 415 2550 τῶ
440 2472 663 2534 θέλοντι
683 2474 915 2555 γαμέειν
940 2471 1243 2551 αδελφεάς.
1323 2471 1454 2534 τότε
1483 2475 1588 2549 μὲν
1619 2470 1750 2549 δῆ
1715 2499 1747 2532 ο
1777 2477 1938 2550 Καμ-

336 2558 583 2636 βύσης”
553 2587 725 2642 εγημε
747 2560 855 2637 τήν
889 2562 1185 2639 ἐρωμένην·
1225 2559 1370 2639 μετὰ
1399 2562 1592 2639 μέντοι
1623 2583 1695 2620 ου·
1717 2558 1942 2620 πολλον
2029 2581 2052 2608 ⁸

336 2646 544 2725 χρόνον
584 2649 721 2728 ἔσχε
765 2649 953 2726 ἄλλην
997 2647 1302 2726 ἀδελφεήν·
1368 2649 1606 2710 τουτέων
1649 2647 1792 2724 δῆτα
1833 2645 1941 2721 τὴν

338 2736 624 2812 νεωτέρην,
677 2736 1057 2815 ἐπισπομένην
1108 2739 1166 2796 οἶ
1227 2734 1313 2796 ἐπ’
1366 2737 1670 2816 Αἴγυπτον,
1725 2733 1942 2792 κτείνει.

336 2820 523 2900 Ἀμφὶ
550 2823 611 2883 δὲ
631 2827 711 2902 τῷ
734 2823 955 2904 θανάτῳ
989 2822 1162 2900 αὐτῆς
1195 2822 1362 2894 διξὰς,
1387 2821 1579 2898 ὥσπερ
1610 2821 1740 2897 περὶ
1765 2820 1942 2898 Σμέρ-
1958 2819 2037 2878 32

339 2909 473 2980 διος,
512 2911 743 2993 λέγεται
770 2908 963 2994 λόγος.
1034 2910 1317 2986 Ἕλληνες
1350 2911 1456 2986 μὲν
1493 2909 1747 2990 λέγουσι,
1781 2913 1944 2984 Καμ-

338 2996 532 3074 βύσεα
566 2998 935 3111 συμβαλέειν
956 2997 1207 3076 σκύμνον
1239 2997 1469 3060 λέοντος
1500 2995 1744 3056 σκύλακι
1769 3019 1946 3066 κυνος,

341 3085 595 3164 θεωρέειν
634 3086 696 3146 δὲ
732 3086 827 3147 και
864 3086 972 3162 τήν
1008 3088 1272 3192 γυναῖκα
1281 3083 1508 3161 ταύτην·
1548 3081 1866 3161 νικωμένου
1886 3081 1948 3140 δὲ

340 3177 444 3235 τοῦ
484 3174 787 3246 σκύλακος,
852 3172 1139 3250 ἀδελφεον
1203 3171 1373 3234 αυτοῦ
1439 3171 1622 3232 ἄλλον
1687 3169 1950 3231 σκύλακα

342 3255 739 3342 ἀπορρήξαντα
775 3261 877 3325 τόν
914 3261 1128 3340 δεσμόν
1165 3259 1582 3343 παραγενεσθαι
1621 3261 1694 3320 οἶ·
1749 3257 1849 3320 δύο
1887 3257 1948 3318 δὲ

644 3443 673 3470 s
