2250 3500
356 85 454 135 234
972 97 1336 146 ἩΡοΔοτοτ
1827 94 1962 159 [111.

364 171 557 251 Κύρου
576 174 832 250 βασιλέα
862 174 1194 235 ἐνεστεῶτα·
1263 174 1451 237 δεινῶς
1478 173 1591 254 γὰρ
1617 173 1713 233 καὶ
1741 172 1777 233 ὅ
1809 179 1967 251 Πρη-

362 260 584 337 ξάσπης
624 262 846 338 ἔξαρνος
882 260 954 337 ἦν
992 260 1073 338 μή
1105 287 1206 338 μιν
1237 259 1561 321 ἀποκτεῖναι
1593 259 1852 337 Σμέρδιν·
1901 260 1968 321 ού

360 347 473 427 γὰρ
524 347 596 423 ἦν
648 352 703 408 οἶ
755 348 1032 424 ἀσφαλὲς,
1090 348 1422 425 Καμβύσεω
1487 346 1968 424 τετελευτηκότος,

368 435 545 512 φάναι
569 436 670 497 τὸν
695 436 888 515 Κύρου
914 438 1034 497 υἱόν
1060 435 1481 497 ἀπολωλεκέναι
1507 435 1845 515 αύτοχειρίῃ.

272 524 348 583 67
445 522 515 582 ‘0
542 526 647 600 μὲν
666 524 734 599 δὴ
754 523 958 606 Μάγος
979 523 1422 600 τελευτήσαντος
1449 523 1782 600 Καμβύσεω
1801 522 1973 587 οἶδεῶς

368 612 731 687 ἐβασίλευσε,
759 610 1104 688 ἐπιβατεύων
1128 616 1229 673 τοῦ
1253 609 1550 688 ὁμωνύμου
1577 610 1848 688 Σμέρδιος
1869 614 1972 672 τοῦ

368 699 579 778 Κύρου,
604 704 785 777 μῆνας
810 699 951 759 ἐπτσῖ
974 699 1106 763 τοῦς
1133 700 1460 763 ἐπιλοίπους
1484 698 1788 777 Καμβύσῃ
1813 703 1870 761 ές
1898 699 1972 759 τοὶ

370 785 517 848 όκτῶ
551 789 676 848 ἔτεα
699 786 825 869 [τῆς
858 786 1231 868 πληρώσιος].
1298 791 1357 847 ἐν
1385 789 1542 847 τοῖσι
1579 785 1886 855 ἀπεδέξατο
1917 791 1975 851 ἐς

369 874 501 938 τούς
542 874 821 951 ὑπηκόους
872 873 1085 939 πάντας
1140 873 1458 955 εὐεργεσίας
1509 873 1780 955 μεγάλας,
1827 873 1974 934 ὥστε

370 958 750 1026 ἀποθανόντος
788 961 960 1022 αὗτοῦ
998 960 1180 1022 πόθον
1211 963 1360 1041 ἔχειν
1391 961 1605 1028 πάντας
1635 960 1767 1025 τούς
1807 965 1866 1020 ἐν
1901 965 1978 1039 τῇ

369 1047 541 1128 Ἀσίῃ
565 1050 747 1127 πάρεξ
770 1049 952 1110 αὖτῶν
977 1050 1266 1128 Περσέων·
1309 1050 1627 1128 διαπέμψας
1649 1048 1760 1130 γὰρ
1785 1048 1819 1109 ὁ
1849 1049 1977 1109 Μά-

372 1162 474 1217 γος
506 1142 564 1201 ἐς
596 1142 712 1198 πᾶν
743 1138 899 1201 ἔθνος
930 1141 1044 1198 τῶν
1072 1136 1230 1216 ἦρχε,
1263 1141 1498 1215 προεῖπε
1537 1136 1804 1213 α’τεληΐην
1837 1136 1980 1197 εἶναι

375 1226 679 1302 στρατηΐης
705 1225 799 1285 καὶ
825 1224 1009 1303 φόρου
1040 1224 1127 1285 ἐπ’
1153 1226 1278 1285 ἔτεα
1293 1224 1452 1302 Ιϊριά.
1519 1226 1754 1301 προεῖπε
1778 1226 1882 1300 μὲν
1907 1224 1978 1301 δή

282 1314 359 1373 68
375 1318 551 1373 ταῦτα
579 1313 779 1374 αὐτίκα
806 1312 1162 1390 ἐνιστάμενος
1192 1316 1249 1377 ἐς
1271 1313 1376 1389 τήν
1400 1311 1600 1392 ἀρχήν.
1667 1309 1887 1393 Ὀγδόῳ
1917 1312 1980 1372 δὲ

375 1400 511 1478 μηνὶ
552 1401 770 1484 ἐγένετο
810 1400 1123 1477 κατάδηλος
1154 1399 1345 1479 τρόπω
1375 1399 1588 1479 τοιῷδε·
1619 1398 1869 1475 ·Ὀτάνης
1905 1399 1980 1475 ἦν

377 1488 726 1567 Φαρνάσπεω
764 1492 869 1566 μὲν
898 1492 1047 1559 παῖς,
1078 1488 1228 1567 γένεϊ
1267 1487 1330 1547 δὲ
1368 1488 1463 1546 καὶ
1493 1486 1753 1566 χρήμασι
1786 1486 1982 1565 ὁμοῖος

374 1579 454 1655 τῷ
481 1576 680 1656 πρώτῳ
714 1578 998 1653 Περσέων·
1040 1574 1203 1638 οὗτος
1241 1573 1286 1635 ὅ
1312 1573 1553 1650 Ὀτάνης
1585 1577 1807 1652 πρῶτος
1840 1574 1976 1635 ὑπό-

376 1688 587 1724 πτευσε
610 1664 711 1724 τὸν
736 1662 957 1744 Μάγον,
978 1688 1047 1726 ως
1074 1661 1176 1722 οὔκ
1202 1661 1287 1738 εἴη
1307 1660 1339 1723 ὅ
1367 1662 1560 1739 Κύρου
1587 1662 1823 1739 Σμέρδις
1845 1662 1982 1722 ἀλλ’

378 1751 559 1827 ὅσπερ
583 1750 671 1826 ἦν,
696 1751 832 1829 τῇδε
856 1750 1415 1829 συμβαλλόμενος,
1383 1777 1472 1811 οτι
1493 1775 1558 1812 τε
1591 1748 1693 1810 ούκ
1719 1751 1982 1829 ἐξεφοίτα

381 1841 443 1898 ἐκ
467 1841 570 1913 τῆς
594 1837 949 1914 ἀκροπόλιος,
978 1837 1069 1898 καὶ
1101 1838 1192 1900 ὅτι
1217 1864 1318 1899 ουκ
1345 1838 1592 1898 ἐκάλεε’
1567 1863 1622 1902 ες
1648 1837 1832 1916 ὄψιν*
1807 1844 1983 1919 εαηπῷ

380 1923 579 1986 οὐδένα
615 1929 727 1986 τῶν
759 1925 1011 2008 λογίμων
1041 1926 1329 2003 Περσέων·
1367 1925 1726 1990 υποπτεύσας
1767 1927 1831 1986 δέ
1865 1952 1980 2004 μιν,

355 2013 564 2076 ἷέποίεε
589 2013 743 2074 τάδε·
785 2015 921 2093 ἔσχε
955 2011 1128 2074 αὐτοῦ
1160 2013 1194 2074 ὅ
1228 2013 1556 2090 Καμβύσης
1589 2015 1883 2096 θυγατέρα,
1909 2018 1983 2094 τῇ

382 2101 597 2180 οὔνομα
631 2101 702 2178 ἦν
726 2102 990 2179 Φαιδίμη·
1029 2100 1136 2176 τήν
1169 2100 1343 2177 αὐτ-ἡν
1369 2100 1440 2177 δὴ
1471 2099 1680 2178 ταύτην
1707 2102 1825 2180 εἶχε
1853 2101 1983 2162 τότε

380 2189 415 2250 ὅ
458 2189 677 2271 Μάγος,
709 2190 803 2249 καὶ
840 2188 1018 2268 ταύτῃ
1056 2215 1122 2250 τε
1161 2188 1414 2249 συνοίκεε
1455 2190 1549 2248 καὶ
1587 2192 1727 2268 τῇσι
1765 2188 1982 2268 ἄλλῃσι

382 2275 609 2355 πάσῃσι
632 2281 769 2356 τῇσι
791 2280 894 2337 τοῦ
921 2276 1254 2353 Καμβύσεω
1275 2275 1513 2358 γυναιξί·
1553 2277 1789 2354 πέμπων
1813 2277 1882 2352 δὴ
1909 2275 1983 2337 ὧν

382 2363 417 2424 ὅ
456 2363 695 2439 Ὀτάνης
735 2362 890 2441 παρὰ
931 2364 1138 2440 ταύτην
1177 2365 1282 2440 τὴν
1323 2363 1604 2444 θυγατέρα
1650 2363 1984 2425 ἐπυνθάνετο

382 2450 515 2528 παρ’
548 2450 683 2530 ὅτεῳ
726 2450 1029 2528 ἀνθρώπων
1070 2457 1328 2532 κοιμῷτο,
1375 2452 1485 2512 εἴτε
1527 2451 1670 2528 μετά
1717 2452 1986 2530 Σμέρδιος

382 2541 485 2600 τοῦ
513 2538 722 2616 Κύρου,
750 2539 860 2599 εἴτε
891 2564 1034 2616 μετα
1060 2539 1246 2600 ἄλλου
1274 2564 1390 2600 τευ·
1430 2539 1471 2616 ἦ
1496 2539 1558 2599 δε
1590 2566 1644 2599 οι
1669 2538 1986 2617 ἀντέπεμπε

380 2628 609 2705 φαμένη
642 2626 707 2686 ού
740 2626 1049 2709 γινώσκειν·
1092 2653 1220 2689 ουτε
1249 2627 1361 2710 γοῖρ
1385 2627 1488 2689 τόν
1518 2627 1712 2704 Κύρου
1744 2628 1987 2707 Σμέρδιν

388 2715 607 2777 ἰδέσθαι
650 2714 884 2792 οὖδαμα,
928 2714 1056 2775 οὔτε
1095 2713 1255 2823 ὅστις
1297 2716 1381 2792 εἴη
1423 2715 1458 2776 ὅ
1500 2716 1806 2776 συνοικέων
1843 2715 1990 2796 αὐτῇ

387 2804 602 2864 εἰδέναι·
652 2803 863 2881 ἔπεμπε
904 2802 1131 2881 δεύτερα
1170 2802 1205 2864 ὅ
1243 2803 1483 2880 Ὀτάνης
1521 2804 1721 2885 λέγων·
1764 2813 1800 2840 “
1818 2829 1867 2864 ει
1903 2805 1988 2880 μή

386 2890 527 2967 αὖε-ἤ
578 2891 817 2968 Σμέρδιν
859 2916 963 2952 τον
1008 2889 1203 2968 Κύρου
1247 2890 1554 2973 γινώσκεις,
1602 2917 1678 2951 συ
1727 2891 1790 2952 δε
1833 2917 1991 2968 παρα

382 2976 670 3053 Ἀτόσσης
692 2977 927 3039 πύθευ
895 3004 1031 3057 οτεῳ
1055 2977 1234 3058 τούτω
1253 2980 1530 3039 συνοικέει
1553 2978 1696 3054 αὐτή
1720 3004 1784 3038 τε
1810 2979 1992 3055 ἐκείνη

390 3066 481 3124 καὶ
510 3064 607 3124 σ-ύ·
646 3065 865 3128 πάντως
888 3091 998 3146 γαρ
1026 3064 1096 3142 δή
1122 3091 1223 3125 κου
1253 3064 1354 3126 τόν
1377 3091 1446 3147 γε
1481 3070 1684 3143 ἑωυτῆς
1709 3065 1993 3143 ἅδελφεον

386 3151 679 3230 γινώσκει·
682 3151 1057 3229 ’ἀντιπέμπει
1082 3152 1226 3230 πρὸς
1250 3157 1426 3213 ταῦτα
1443 3180 1482 3230 η
1465 3153 1773 3236 ’θυγάτηρ
1811 3165 1847 3190 “
1865 3152 1994 3213 οὔτε

387 3234 644 3314 Ἀτόσσῃ
670 3239 958 3316 δύναμαι’
931 3265 989 3303 ες
1012 3238 1220 3317 λόγους
1246 3241 1448 3310 ἐλθεῖν,
1477 3240 1606 3302 οὔτε
1633 3240 1820 3318 ἄλλην
1839 3239 1994 3301 οὔδε
