2250 3500
353 83 456 134 314
973 83 1333 131 ἩΡοΔοτοΤ
1829 83 1956 147 [1v

348 161 455 238 τὴν
492 160 748 237 οἷπορίην·
790 158 923 219 ἀλλ’
965 159 1031 219 οὗ
1069 185 1184 240 γαρ
1227 159 1410 219 ἔπειθε
1449 160 1860 236 συμβουλεύων
1904 165 1962 224 οἱ

352 248 593 328 χρηστοὶ,
624 247 656 307 6
697 250 802 324 μὲν
842 248 1137 316 ἐπέπαυτο,
1167 246 1199 306 6
1237 246 1313 320 δὲ,
1352 247 1542 323 ἐπειδή
1575 251 1628 306 οἱ
1664 248 1737 308 τοὶ
1772 249 1963 310 πάντα.

350 334 793 411 παρεσκεύαστο,
842 335 1108 410 ἐξήλαυνε
1161 333 1261 394 τόν
1305 334 1554 411 στρατὸν
1595 339 1656 394 ἐκ
1707 336 1962 400 Σούσων.

256 422 627 484 84Ἐνθαῦτα
666 427 776 483 τῶν
817 423 1083 498 Περσέων
1124 421 1409 497 Οἰόβαζος
1455 421 1653 497 ἐδεήθη
1696 425 1962 498 Δαρείου,

351 515 514 587 τριῶν
548 511 745 571 ἐόντων
778 512 832 569 οἱ
866 510 1074 569 παίδων
1112 510 1205 567 καὶ
1237 509 1459 569 πάντων
1485 512 1962 588 στρατευομένων,

355 600 451 658 ἕνα
504 597 649 678 αὐτῷ
701 598 1164 674 καταλειφθῆναι·
1221 595 1255 655 6
1308 596 1372 654 δέ
1417 599 1471 655 οἱ
1513 598 1641 672 ἔφη,
1689 596 1762 662 ὥς
1804 601 1964 680 φίλῳ

356 686 500 746 ἐόντι
527 687 620 745 καὶ
644 685 879 763 μετρίων
904 685 1144 763 δεομένῳ
1169 683 1382 747 πάντας
1407 683 1537 747 τοῦς
1561 684 1765 748 παῖδας
1792 711 1962 747 κατα-

354 776 589 852 λείψειν·
630 773 663 832 6
694 776 798 850 μὲν
832 772 901 848 δὴ
942 771 1226 847 Οἰόβαζος
1261 771 1569 850 περιχαρής
1607 771 1679 847 ἦν
1719 775 1963 846 ἐλπίζων

351 861 481 924 τοῦς
520 861 668 924 υἱέας
710 861 1012 936 στρατηίης
1053 857 1466 929 ἀπολελύσθαι,
1507 858 1540 918 6
1588 859 1648 918 δὲ
1697 860 1964 922 ἐκέλευσε

352 949 480 1011 τοῦς
506 950 597 1007 ἐπὶ
621 947 827 1007 τούτων
856 950 1203 1009 ἐπεστεῶτας
1228 945 1551 1006 ἀποκτεῖναι
1581 945 1796 1011 πάντας
1827 950 1963 1012 τοῦς

360 1034 649 1111 Οἰοβάζου
675 1034 893 1096 παῖδας·
924 1034 1016 1091 καὶ
1044 1031 1200 1093 οὗτοι
1217 1035 1322 1110 μὲν
1343 1032 1773 1114 ἀποσφαγέντες
1787 1035 1964 1097 αὖτοῦ

355 1121 527 1200 ταύτῃ
556 1122 837 1180 ἐλίποντο.

260 1213 336 1270 85
436 1214 673 1287 Δαρεῖος
694 1211 753 1269 δὲ
774 1209 897 1268 ἐπεί
910 1233 971 1268 τε
990 1209 1360 1287 πορευόμενος
1381 1213 1440 1269 ἐκ
1470 1209 1703 1274 Σούσων
1727 1209 1966 1274 ἀπίκετο

352 1303 453 1374 τῆς
494 1298 886 1378 Καλχηδονίης
926 1297 1018 1355 ἐπὶ
1056 1296 1158 1356 τὸν
1197 1295 1501 1374 Βόσπορον
1543 1298 1633 1357 ἵνα
1666 1299 1887 1369 ἔζευκτο
1923 1305 1964 1377 ἦ

354 1387 589 1466 γέφυρα,
610 1387 856 1446 ἐνθεῦτεν
878 1383 1057 1461 ἐσβὰς
1078 1388 1133 1447 ἐς
1157 1384 1254 1444 νέα
1274 1384 1438 1443 ἔπλεε
1465 1385 1557 1443 ἐπὶ
1576 1384 1676 1449 τοῖς
1703 1389 1966 1454 Κυανέας

356 1475 713 1552 καλευμένας,
738 1473 838 1536 τιὶς
862 1470 1137 1548 πρότερον
1166 1470 1460 1550 πλαγκτοῖς
1487 1469 1769 1546 Ἔλληνές
1807 1478 1963 1547 φασι

359 1560 515 1620 εἶναι·
558 1561 811 1637 ἑζόμενος
850 1559 911 1618 δὲ
952 1559 1043 1617 ἐπὶ
1081 1560 1161 1636 τῷ
1202 1560 1298 1636 ἷρῷ
1329 1557 1548 1633 ἐθηεῖτο
1581 1556 1682 1617 τὸν
1715 1558 1960 1632 Πόντον,

355 1645 517 1706 ἐόντα
558 1647 897 1720 ἀξιοθέητον·
945 1645 1236 1724 πελαγέων
1281 1643 1392 1725 γὰρ
1439 1643 1696 1704 ἁπάντων
1739 1647 1962 1723 πέφυκε

354 1733 835 1810 θωυμασιώτατος·
876 1735 976 1791 τοῦ
1007 1730 1073 1792 τό
1109 1733 1215 1809 μὲν
1241 1736 1419 1809 μῆκος
1445 1731 1673 1793 στάδιοί
1696 1737 1807 1794 εἶσι
1834 1737 1962 1795 ἑκα-

352 1819 452 1880 τόν
494 1822 586 1880 καὶ
616 1821 794 1900 χίλιοι
830 1820 923 1877 καὶ
946 1818 1152 1896 μύριοι,
1179 1819 1246 1879 τό
1273 1820 1334 1879 δὲ
1361 1819 1534 1898 εὖρος,
1561 1824 1634 1900 τῇ
1663 1820 1962 1899 εὔρύτατος

354 1906 519 1971 αὕτός
571 1911 786 1982 ἑωυτοῦ,
837 1906 1061 1967 στάδιοι
1110 1906 1424 1984 τριηκόσιοι
1481 1908 1572 1967 καὶ
1623 1910 1958 1988 τρισχίλιοι.

352 1996 551 2057 τούτου
583 2000 685 2057 τοῦ
716 1995 992 2077 πελάγεος
1026 1994 1093 2056 *ro*
1129 1994 1318 2073 στόμα
1351 1996 1477 2055 ἐστὶ
1509 1995 1665 2074 εὖρος
1689 1998 1961 2075 τέσσερες

355 2085 594 2156 στάδιοι,
635 2088 813 2162 μῆκος
856 2084 915 2143 δὲ
956 2082 1081 2164 [τοῦ
1124 2082 1432 2163 στόματος]
1479 2082 1512 2143 6
1555 2084 1735 2163 αὐχὴν
1767 2085 1842 2146 .τό
1885 2087 1958 2163 δὴ

356 2172 652 2250 Βόσπορος
680 2173 957 2248 κέκληται,
986 2168 1102 2231 κατ’
1130 2168 1163 2229 δ
1190 2170 1259 2246 δή
1287 2170 1505 2249 ἔζευκτο
1530 2170 1569 2247 ἦ
1593 2173 1832 2253 γέφυρα,
1861 2174 1958 2233 ἐπὶ

356 2261 616 2324 σταδίους
658 2261 837 2319 εἴκοσι
881 2259 974 2317 καὶ
1020 2257 1216 2318 ἑκατόν
1257 2263 1400 2318 ἐστι·
1453 2260 1618 2319 τείνει
1664 2258 1712 2319 δ’
1753 2264 1812 2323 ἐς
1851 2262 1959 2337 τήν

354 2346 713 2423 Προποντίδα
756 2345 791 2405 6
834 2345 1151 2422 Βόσπορος·
1206 2344 1246 2421 ἦ
1293 2345 1354 2405 δὲ
1400 2348 1734 2424 Προποντὶς,
1780 2352 1958 2409 ἐοῦσα

351 2432 506 2509 εὖρος
524 2435 628 2509 μὲν
648 2432 888 2493 σταδίων
906 2433 1286 2492 πεντακοσίων
1304 2437 1483 2509 μῆκος
1503 2433 1562 2493 δὲ
1579 2436 1956 2511 τετρακοσίων

351 2520 441 2577 καὶ
487 2520 702 2599 χιλίων,
748 2520 1032 2580 καταδιδοῖ
1075 2525 1131 2583 ἐς
1179 2520 1279 2581 τόν
1316 2520 1750 2597 Ἑλλήσποντον
1791 2522 1956 2583 ἐόντα

348 2607 660 2685 στεινότητι
677 2610 781 2685 μὲν
807 2607 946 2668 ἑπτοὶ
971 2607 1232 2671 σταδίους
1255 2611 1433 2685 μῆκος
1453 2608 1514 2667 δὲ
1537 2610 1952 2685 τετρακοσίους·

348 2695 553 2756 ἐκδιδοῖ
584 2697 645 2755 δὲ
685 2695 717 2756 6
756 2695 1187 2771 Ἑλλήσποντος
1231 2701 1286 2759 ἐς
1324 2694 1530 2774 χάσμα
1563 2695 1843 2777 πελάγεος
1884 2697 1953 2757 τὰ

252 2784 328 2841 86
347 2782 415 2858 δὴ
456 2787 697 2864 Αἰγαῖον
732 2783 1001 2843 καλέεται.
1088 2783 1474 2862 (Μεμέτρηται
1515 2783 1578 2843 δὲ
1607 2786 1787 2844 ταῦτα
1825 2782 1950 2843 ὦδε·

348 2873 479 2944 νηῦς
526 2870 729 2930 ἐπίπαν
778 2868 1037 2947 μάλιστά
1082 2894 1154 2945 κη
1195 2869 1451 2931 κατανύει
1493 2875 1552 2932 ἐν
1594 2872 1952 2951 μακρημερίῃ

350 2954 574 3035 ὀργυιὰς
597 2957 1047 3034 ἑπτακισμυρίας,
1075 2956 1270 3020 νυκτός
1301 2957 1363 3016 δὲ
1389 2957 1800 3037 ἑξακισμυρίας·
1842 2957 1951 3035 ἤδη

348 3039 421 3098 ὧν
448 3047 505 3103 ἐς
527 3044 631 3117 μὲν
656 3044 839 3103 Φάσιν
864 3042 975 3103 οἷπό
1001 3048 1101 3103 τοῦ
1131 3044 1661 3121 στόματος-τοῦτο
1685 3046 1798 3127 γάρ
1825 3051 1950 3107 ἐστι

342 3130 443 3184 τοῦ
468 3128 692 3188 Πόντου
717 3130 1398 3208 μακρότατον-ἡμερέων
1425 3133 1582 3193 ἐννέα
1615 3131 1797 3198 πλόος
1822 3134 1950 3195 ἐστὶ

346 3208 435 3265 καὶ
459 3216 665 3272 νυκτῶν
695 3213 857 3274 ὀκτώ·
901 3213 1063 3275 αὗται
1100 3216 1292 3276 ἕνδεκα
1325 3218 1587 3295 μυριάδες
1621 3220 1710 3279 καὶ
1749 3220 1948 3281 ἑκατόν
