2250 3500
301 127 398 181 174
894 129 1261 180 ἮΡΟΔΟΤΟΤ
1794 124 1893 190 [Π.

299 203 632 284 ἀκμάζουσα
667 208 937 273 Ῥοδῶπις
982 207 1116 268 ἀλλ’
1164 207 1229 269 οὗ
1276 205 1419 267 κατὰ
1460 207 1681 268 τοῦτον·
1746 206 1901 267 ἔτεσι

297 293 411 374 γὰρ
437 293 615 372 κάρτα
647 300 925 357 πολλοῖσι
953 295 1194 374 ὕστερον
1221 294 1431 356 τούτων
1462 297 1575 355 τῶν
1606 293 1901 370 βασιλέοιν

299 384 411 440 τῶν
432 381 533 445 τᾶς
556 384 869 461 πυραμίδας
891 383 1095 448 ταύτας
1111 383 1183 459 ἦν
1208 382 1539 458 λιπομένων,
1560 379 1900 463 [Ῥοδῶπις]

301 467 498 548 γενεὴν
519 473 624 547 μὲν
658 469 770 532 άπό
799 473 1057 549 Θρηΐκης·
1097 470 1275 546 δούλη
1301 470 1361 529 δὲ
1391 468 1463 546 ἦν
1485 467 1772 546 Ἰάδμονος
1796 473 1900 528 τοῦ

299 554 790 633 Ἡφαιστοπόλιος
813 558 1011 638 άνδρός
1037 559 1269 635 Σαμίου,
1297 556 1605 620 σύνδουλος
1630 556 1691 616 δὲ
1715 556 1899 616 Αἰσώ-

303 667 414 703 που
437 650 538 705 τοῦ
564 651 890 728 λογοποιοῦ·
917 647 1011 705 καὶ
1033 646 1147 728 γὰρ
1172 642 1333 708 οὗτος
1348 643 1636 722 Ἰάδμονος
1660 644 1898 724 ἐγένετο,

305 729 379 794 ὥς
415 731 618 803 διέδεξε
649 734 782 813 τῇδε
815 733 915 794 οὔκ
947 733 1175 809 ἥκιστα·
1218 733 1343 792 ἐπεί
1374 757 1437 792 τε
1475 731 1586 813 γὰρ
1617 731 1901 796 πολλάκις

305 819 700 895 κηρυσσόντων
735 824 982 897 Δελφῶν
1011 825 1072 881 ἐκ
1107 819 1447 897 θεοπροπίου
1482 817 1583 882 “33
1620 817 1899 895 βούλοιτο

302 907 504 982 ποινήν
539 912 644 984 τῆς
667 907 936 968 Αἰσώπου
975 911 1163 989 ψυχῆς
1200 905 1551 977 άνελέσθαι,”
1580 904 1761 970 ἄλλος
1793 909 1901 984 μὲν

305 991 481 1057 οὐδεὶς
530 994 728 1071 ἐφάνη,
779 995 1066 1074 Ἰάδμονος
1132 996 1193 1056 δὲ
1256 993 1455 1058 παιδός
1516 998 1666 1064 παῖς,
1716 992 1901 1058 ἄλλος

301 1079 552 1158 Ἰάδμων,
605 1082 874 1144 ἀνείλετο·
955 1084 1098 1145 οὕτω
1156 1082 1250 1144 καὶ
1298 1082 1565 1146 Αἴσωπος
1610 1080 1901 1158 Ἰάδμονος

213 1170 338 1227 135·
346 1169 583 1250 ἐγένετο.
634 1170 904 1236 Ῥοδῶπις
929 1173 989 1234 δὲ
1014 1177 1070 1236 ἐς
1093 1172 1381 1252 Αἴγυπτον
1406 1168 1650 1239 άπίκετο,
1671 1168 1900 1232 Ξάνθεω

303 1261 405 1315 τοῦ
433 1258 648 1336 Σαμίου
673 1260 1027 1338 κομίσαντος·
1059 1259 1369 1336 ἀπικομένη
1390 1258 1450 1318 δὲ
1476 1255 1593 1317 κατ’
1612 1257 1897 1337 ἐργασίην,

306 1343 478 1422 ἐλύθη
507 1345 808 1426 χρημάτων
841 1349 1104 1430 μεγάλων
1137 1347 1249 1409 ὖπό
1279 1343 1477 1424 οἷνδρός
1510 1347 1900 1421 Μυτιληναίου

306 1432 586 1510 Χαράξου,
612 1439 714 1496 τοῦ
745 1436 1260 1516 Σκαμανδρωνύμου
1296 1433 1494 1497 παιδός
1530 1431 1813 1508 ἀδελφεοῦ
1838 1434 1901 1494 δὲ

307 1521 580 1599 Σαπφοῦς
630 1529 732 1601 τῆς
788 1529 1160 1602 μουσοποιοῦ·
1228 1522 1369 1584 οὕτω
1420 1521 1489 1597 δή
1540 1519 1580 1596 ἡ
1630 1519 1900 1586 Ῥοδῶπις

306 1610 664 1687 ἐλευθερώθη,
703 1613 795 1671 καὶ
825 1613 1111 1690 κατέμεινέ
1131 1637 1195 1672 τε
1228 1615 1288 1670 ἐν
1311 1608 1577 1690 Αἶγύπτω
1606 1609 1700 1667 καὶ
1725 1609 1900 1686 κάρτα

304 1696 674 1773 ἐπαφρόδιτος
717 1699 988 1780 γενομένη
1026 1698 1253 1782 μεγάλα
1298 1697 1575 1775 ἐκτήσατο
1615 1696 1899 1776 χρήματα,

306 1808 382 1845 ως
411 1781 480 1842 αν
514 1784 655 1844 εἶναι
677 1784 965 1858 Ῥοδῶπιν,
974 1786 1139 1897 ⁴..01chsp
1165 1786 1267 1848 οῦκ
1306 1785 1378 1850 ὦς
1414 1811 1484 1867 γε
1522 1790 1579 1849 ἐς
1615 1786 1901 1863 πυραμίδα

303 1868 564 1947 τοιαύτην
588 1872 891 1942 ἐξικέσθαι·
928 1878 1031 1951 τῆς
1062 1900 1175 1956 γαρ
1208 1873 1314 1952 τήν
1353 1871 1586 1949 δεκάτην
1618 1877 1730 1933 τῶν
1762 1899 1900 1952 χρη-

304 1956 495 2035 μάτων
526 1960 797 2022 ιδέσθαι’
769 1963 893 2023 εστὶ
919 1963 998 2023 ἔτι
1023 1965 1117 2023 καὶ
1150 1968 1205 2037 ες
1237 1962 1365 2023 τόδε
1396 1962 1565 2022 παντὶ
1587 1965 1665 2040 τῷ
1687 1962 1899 2037 βουλο·

301 2046 467 2127 μένῳ,
526 2048 685 2111 οὐδὲν
749 2050 835 2110 δεῖ
885 2050 1112 2133 μεγάλα
1164 2054 1220 2111 οἶ
1269 2049 1533 2129 χρήματα
1598 2048 1899 2110 ἀναθεῖναι·

306 2135 627 2215 ἐπεθύμησε
677 2139 792 2221 γὰρ
837 2140 1108 2205 Ῥοδῶπις
1158 2138 1439 2218 μνημήῖον
1490 2141 1693 2214 ἐωυτῆς
1731 2142 1791 2197 ἐν
1826 2142 1901 2217 ‘Ph'

303 2221 543 2285 Ἑλλάδι
568 2228 996 2299 καταλιπέσθαι,
1021 2228 1237 2307 ποίημα
1260 2227 1617 2303 ποιησαμένη
1638 2229 1807 2287 τοῦτο
1830 2226 1900 2286 τὰ

304 2309 386 2387 μή
419 2314 680 2393 τυγχάνει
718 2314 877 2394 ἄλλῳ
915 2316 1276 2393 ἐξευρημένον
1316 2314 1409 2374 καὶ
1444 2313 1802 2391 α’νακείμενον
1840 2318 1903 2374 ἐν

306 2399 419 2475 ἱρῷ,
439 2404 606 2459 τοῦτο
629 2400 910 2462 οἷναθεῖναι
929 2408 984 2467 ἐς
1005 2402 1270 2479 Δελφοῦς
1293 2400 1652 2481 μνημόσυνον
1678 2404 1900 2478 ἐωυτῆς·

303 2488 408 2559 τῆς
441 2483 516 2545 ὧν
540 2486 770 2563 δεκάτης
802 2493 914 2549 τῶν
947 2490 1248 2570 χρημάτων
1277 2491 1631 2569 ποιησαμένη
1656 2488 1902 2566 ὄβελοῦς

304 2571 622 2651 βουπόρους
679 2576 932 2642 πολλοῦς
991 2578 1296 2657 σιδηρέους,
1350 2579 1492 2640 ὅσον
1554 2576 1813 2657 ἐνεχώρεε
1860 2576 1902 2655 ἦ

307 2658 509 2737 δεκάτη
554 2665 625 2735 οἳ,
673 2662 966 2745 ἀπέπεμπε
1013 2672 1069 2731 ἐς
1109 2666 1395 2744 Δελφούς·
1448 2666 1503 2727 οἳ
1543 2666 1637 2725 καὶ
1682 2670 1780 2726 νῦν
1819 2667 1903 2726 ἔτι

307 2750 660 2811 συννενέαται
685 2751 890 2815 ὄπισθε
921 2756 1024 2831 μὲν
1057 2757 1160 2815 τοῦ
1193 2757 1395 2833 βωμοῦ
1419 2754 1522 2815 τᾶν
1556 2756 1690 2813 Χῖοι
1714 2752 1900 2815 άνέθε-

305 2862 433 2908 σαν,
462 2836 650 2901 άντίον
675 2840 735 2901 δὲ
761 2840 930 2903 αύτοῦ
956 2845 1057 2903 τοῦ
1083 2846 1233 2919 νηοῦ.
1319 2843 1590 2919 φιλέουσι
1622 2842 1688 2902 δέ
1711 2867 1817 2905 κως
1842 2846 1903 2903 ἐν

302 2927 376 3003 τῇ
399 2927 690 3005 Ναυκράτι
716 2929 1081 3010 ἐπαφρόδιτοι
1104 2930 1366 3011 γίνεσθαι
1392 2934 1452 2991 αἶ
1476 2933 1707 3007 εταῗραι·
1731 2935 1902 2991 τοῦτο

302 3013 408 3085 μεν
433 3039 546 3094 γαρ
583 3014 740 3093 αὕτη,
768 3021 870 3095 τῆς
903 3017 1032 3094 πέρι
1067 3018 1295 3099 λέγεται
1329 3017 1491 3079 ὅδε“
1456 3046 1491 3079 ο
1528 3018 1719 3101 λόγος,
1760 3017 1903 3079 οὕτω

303 3096 374 3173 δή
423 3124 479 3159 τι
526 3104 716 3179 κλεινη
764 3105 979 3185 ἐγένετο
1025 3103 1096 3167 ὥς
1143 3105 1235 3163 καὶ
1275 3105 1480 3169 πάντες
1524 3108 1579 3165 οἱ
1618 3106 1905 3183 Ἕλληνες

301 3180 603 3251 Ῥοδώπιος
637 3215 704 3250 το
745 3190 955 3269 οὔνομα
994 3191 1282 3268 ἐξέμαθον·
1348 3197 1517 3253 τοῦτο
1563 3192 1698 3253 δὲ’
1663 3219 1905 3273 υστερσν

304 3267 521 3345 ταύτης,
560 3278 633 3352 τῇ
673 3273 883 3354 οὔνομα
919 3276 992 3353 ἦν
1028 3276 1321 3357 Ἀρχιδίκη
1360 3278 1613 3359 ἀοίδιμος
1652 3280 1760 3342 α’να
1796 3305 1905 3359 την
