2250 3500
302 103 537 169 ,37-43]
895 107 1349 162 ΜΕΛΠΟΜΒΝΗ.
1820 111 1920 160 295

313 180 549 259 Ἰνδικῆς
594 183 831 246 οἰκέεται
873 183 1067 260 Ἀσίη·
1110 187 1180 248 τό
1220 187 1281 248 δὲ
1319 187 1435 249 άπό
1467 188 1672 266 ταύτης
1707 191 1915 266 ἐρῆμος

310 269 421 346 ἤδη
444 269 512 332 τό
543 270 681 348 πρός
704 273 809 348 τήν
833 271 935 350 ἦῶ,
962 273 1075 334 οὐδ’
1103 274 1220 354 ἔχει
1243 273 1420 337 οὐδεὶς
1455 274 1676 352 φράσαι
1703 275 1824 334 οἷον
1847 273 1919 349 δή

310 358 374 416 τί
396 363 539 418 ἐστι·
577 359 809 436 τοιαύτη
833 363 937 437 μὲν
963 361 1055 421 καὶ
1086 362 1336 437 τοσαύτη
1361 361 1400 437 ἠ
1425 361 1598 437 Ἀσίη
1626 363 1769 423 ἐστί.
1837 361 1912 421 Ἡ
1932 363 2006 422 41

310 444 375 504 δὲ
412 445 607 523 ,Λιβύη
648 451 707 507 ἐν
744 451 817 527 τῇ
856 447 1000 528 ἀκτῇ
1038 451 1111 527 τῇ
1152 449 1310 528 ἑτέρῃ
1346 449 1490 508 ἐστί·
1531 448 1646 509 α’πό
1679 447 1790 530 γάρ
1817 453 1913 509 Az-

309 533 531 613 γύπτου
566 534 761 646 Λιβύη
801 535 911 613 ἤδη
958 536 1254 604 ἐκδέκεται.
1339 535 1482 596 κατὰ
1525 538 1634 614 μέν
1675 561 1772 596 νυν
1816 538 1914 596 Αἶ-

311 646 527 700 γυπτον
544 622 584 698 ἦ
610 621 753 699 ἅκτῆ
781 622 921 700 αὕτη
949 624 1144 701 στεινή
1171 629 1316 685 ἐστι·
1345 623 1460 684 ‹in-6
1485 624 1598 705 γὰρ
1615 623 1792 700 τῆσδε
1813 629 1916 700 τῆς

312 707 670 786 θαλάσσης’
642 737 699 774 ες
722 710 827 786 τήν
850 709 1128 789 Ἐρυθρὴν
1168 711 1474 773 θάλασσαν
1499 712 1632 772 δέκα
1655 711 1936 789 μυριάδες

312 797 428 856 εἶσὶ
454 796 733 878 ὀργυιέων·
774 824 939 859 αυται
972 798 1079 860 δ’Ἀ
1046 825 1115 860 αν
1141 799 1250 861 εἶεν
1273 801 1454 880 χιἌιοι
1479 797 1827 860 στάδιοι·τό
1853 799 1916 859 δὲ

302 881 431 944 -ἆπό
480 889 581 945 τοῦ
628 889 851 947 στεινοῦ
902 886 1103 948 τούτου
1128 886 1334 966 κάρτα
1381 888 1604 950 πλατέα
1651 885 1915 970 τυγχάνει

302 974 489 1036 ,εόῧσα
521 999 559 1050 η
596 973 737 1050 ακτῆ
772 973 894 1052 ἥτις
930 974 1125 1052 Λιβύη
1159 976 1442 1053 κέκληται.

301 1117 307 1122 .
395 1061 679 1138 Θωυμάζω
716 1060 791 1122 ὧν
820 1066 931 1124 τῶν
956 1063 1352 1142 διουρισάντων
1377 1063 1790 1127 καὶ-διελόντων
1813 1071 1910 1124 Λι-
1929 1067 2008 1126 42

309 1146 463 1224 βύην
484 1174 548 1209 τε
572 1151 667 1209 καὶ
689 1148 895 1227 Ἀσίην
920 1152 1015 1212 καὶ
1036 1151 1332 1230 Εὐρώπην·
1374 1152 1440 1213 οὗ
1463 1151 1576 1234 γάρ
1600 1153 1814 1231 σμικροὶ
1838 1153 1914 1213 τὰ

313 1235 653 1314 διαφέροντα
688 1237 897 1300 αὐτέων
931 1241 1075 1301 ε’στί·
1113 1240 1281 1317 μήκεῖ
1304 1243 1410 1317 μὲν
1433 1240 1543 1322 γὰρ
1568 1241 1700 1318 παρ’
1725 1240 1912 1318 ἄμφο-

309 1324 477 1402 τέρας
506 1325 746 1404 παρήκει
772 1353 813 1403 η
843 1326 1103 1404 Εὐρώπη,
1133 1327 1318 1405 εὔρεος
1347 1328 1410 1387 δὲ
1441 1328 1587 1403 πέρι,
1615 1327 1742 1386 οὐδὲ
1766 1353 1910 1405 συμ-

308 1413 547 1488 βαλέειν
586 1413 715 1492 ἀξίη
754 1415 1020 1491 φαίνεταί
1051 1440 1154 1493 μοι
1197 1414 1356 1474 εἶναι.
1421 1413 1616 1491 Λιβύη
1653 1416 1758 1492 μὲν
1793 1414 1908 1495 γάρ

312 1499 546 1576 δηλοῖ*
519 1501 725 1579 εωυτὴν
762 1506 938 1563 ἐοῦσα
974 1503 1320 1580 περίρρυτος,
1359 1502 1514 1578 πλὴν
1559 1500 1699 1561 ὅσον
1742 1500 1914 1578 αὐτῆς

310 1613 457 1666 προς
480 1589 585 1666 τὴν
607 1590 811 1668 Ἀσίην
838 1591 1057 1670 ουρίζει,
1082 1591 1250 1652 Νεκω
1273 1595 1374 1651 τοῦ
1401 1591 1716 1672 Αἷγωττίων
1739 1590 1912 1665 βασι-

312 1677 447 1740 λέος
476 1677 701 1757 πρώτου
732 1681 845 1740 τῶν
867 1679 1031 1757 ἡμεῖς
1062 1679 1224 1759 ιδμεν
1249 1677 1737 1751 καταδέξαντος·“
1705 1703 1767 1741 ος
1791 1678 1916 1739 ε’πεί

309 1789 374 1824 τε
398 1766 503 1843 τῆν
524 1766 765 1847 διώρυχα
784 1768 1071 1829 ἐπαύσατο
1096 1768 1357 1847 ὀρύσσων
1368 1768 1473 1846 τὴν
1493 1773 1554 1829 ἐκ
1573 1772 1674 1831 τοῦ
1690 1766 1910 1828 Νείλου

310 1852 611 1945 διέχουσαν
642 1861 698 1919 ἐς
726 1854 829 1917 τόν
863 1855 1139 1935 Ἀράβιον
1178 1857 1410 1931 κόλπον,
1447 1856 1744 1935 ἀπέπεμψε
1781 1858 1911 1916 Φοί-

312 1966 469 2006 νικας
506 1940 709 2022 ἄνδρας
738 1945 1011 2015 πλοίοισι,
1040 1944 1482 2022 ἐντειλάμενος’
1455 1970 1511 2008 ες
1534 1943 1602 2004 vd
1630 1944 1816 2004 ὀπίσω
1839 1942 1909 2003 δι’

311 2026 669 2107 Ηρακληιων
706 2032 963 2109 στηλέων
993 2030 1356 2092 διεκπλέειν”
1327 2054 1426 2093 εως
1456 2034 1514 2093 ἐς
1541 2028 1647 2105 τήν
1670 2030 1914 2135 βορηι.ην

316 2116 635 2190 θάλασσαν,
672 2120 765 2179 καὶ
798 2118 941 2180 οὕτω
972 2124 1029 2183 ἐς
1058 2118 1348 2199 Αἴγυπτον
1376 2114 1756 2177 ἀπικνέεσθαι.
1817 2116 1910 2194 ὀρ-

312 2205 651 2281 μηθέντες’
611 2232 687 2267 ων
718 2232 775 2267 οι
807 2207 1057 2271 Φοίνικες
1081 2211 1144 2267 ἐκ
1168 2209 1272 2282 τῆς
1292 2203 1569 2282 Ἐρυθρῆς
1592 2201 1909 2290 θαλάσσης,

313 2291 517 2353 ἔπλεον
537 2292 643 2369 τὴν
664 2295 857 2370 νοτίην
880 2291 1277 2355 θάλασσαν·
1246 2318 1384 2357 οκως
1409 2292 1469 2352 δε
1485 2292 1696 2373 γίνοιτο
1717 2291 1912 2368 φθινό-

312 2403 517 2456 πωρον,
555 2382 970 2463 προσίσχοντες
1008 2381 1093 2442 ἂν.
1120 2381 1460 2458 σπείρεσκον
1498 2379 1606 2458 τὴν
1643 2383 1770 2464 γῆν,
1819 2380 1910 2442 ἵνα

312 2467 580 2529 ἑκάστοτε
622 2472 725 2546 τῆς
767 2469 991 2547 Λιβύης
1032 2469 1300 2533 πλέοντες
1338 2470 1605 2552 γινοίατο,
1646 2470 1740 2530 καὶ
1781 2471 1909 2548 μέν·

310 2578 485 2615 εσκον
505 2555 605 2617 τόν
630 2556 863 2635 ἄμητον·
890 2558 1210 2636 θερίσαντες
1235 2556 1282 2617 δ’
1297 2554 1366 2619 ἂν
1378 2555 1480 2619 τόν
1499 2563 1662 2619 σῖτον
1688 2558 1910 2619 ἔπλεον·

310 2640 459 2703 ὥστε
498 2641 597 2704 δύο
632 2645 797 2707 ἐτέων
827 2644 1238 2717 διεξελθόντων,
1261 2646 1429 2725 τρίτῳ
1455 2646 1566 2706 ἔτεϊ
1590 2645 1910 2723 κάμψαντες

307 2728 657 2808 Ἡρακληίας
690 2732 910 2810 στήλας
940 2732 1211 2795 α’πίκοντο
1236 2737 1294 2797 ἐς
1319 2734 1624 2814 Αἴγυπτον·
1665 2732 1760 2791 καὶ
1790 2732 1906 2791 ἔλε-
1961 2800 1966 2805 ,

307 2842 430 2903 γον,
463 2820 587 2896 ἐμοὶ
624 2822 731 2897 μὲν
770 2819 837 2881 οὗ
874 2820 1056 2883 πιστά
1094 2820 1258 2899 ἄλλῳ
1296 2819 1358 2878 δὲ
1396 2819 1466 2895 δή
1498 2844 1622 2899 τεῳ,
1653 2817 1726 2883 ὥς
1756 2845 1907 2896 περι-

306 2905 592 2970 πλείοντες
616 2906 723 2984 τήν
752 2908 981 2985 Λιβύην
1009 2908 1110 2970 τόν
1133 2906 1330 2983 ἠέλιον
1363 2905 1536 2985 ἔσχον
1561 2912 1618 2971 ἐς
1639 2906 1714 2968 τοὶ
1738 2906 1908 2977 δεξιά.

310 2991 473 3053 Οὕτω
511 2997 617 3071 μὲν
648 2994 787 3072 αὕτη
824 2994 1078 3078 ἐγνώσθη
1102 2994 1170 3055 τό
1203 2997 1442 3071 πρῶτον·
1481 2994 1626 3071 μετοὶ
1652 2994 1728 3066 δὲ,
1755 3000 1907 3071 Καρ-
1925 2997 2004 3056 43

305 3080 563 3161 χηδόνιοί
599 3088 713 3144 εἰσι
738 3087 795 3144 οἱ
816 3086 1097 3166 λέγοντες·
1140 3082 1262 3144 ἐπεὶ
1287 3081 1596 3160 Σατάσπης
1619 3109 1688 3167 γε
1713 3082 1746 3144 ὀ
1772 3082 1910 3143 Τεά-

303 3194 495 3241 σπιος,
537 3169 677 3249 ἀνὴρ
716 3170 1123 3252 Ἀχαιμενίδης,
1167 3170 1234 3232 οὗ
1275 3172 1628 3249 περιέπλωσε
1666 3170 1907 3248 Λιβύην,

228 3302 231 3305 .
308 3255 396 3317 ἐπ’
429 3256 573 3321 αὗτό,
603 3262 771 3321 τοῦτο
801 3260 1098 3337 πεμφθείς·
1141 3257 1298 3320 ἀλλὰ
1329 3259 1518 3324 δείσας
1547 3258 1616 3321 τό
1639 3285 1702 3320 τε
1725 3264 1907 3337 μῆκος
