2250 3500
345 132 410 180 88
956 127 1326 176 ·11POAo'1'0'1·
1871 125 1947 193 [1.

341 207 694 284 ἀναισιμώθη
740 206 832 265 καὶ
871 205 938 266 τό
977 209 1165 285 τεῖχος
1203 205 1392 266 ὅντινα
1432 203 1644 282 τρόπον
1684 205 1953 286 ἔργαστο.

343 295 682 372 ὀρύσσοντες
711 292 828 370 ἅμα
857 292 962 369 τήν
985 292 1207 370 τάφρον
1233 293 1559 353 ἐπλίνθευον
1582 292 1688 367 τὴν
1710 297 1822 372 γῆν
1844 293 1955 370 τὴν

342 387 404 442 ἐκ
428 387 528 442 τοῦ
554 380 870 462 ὀρύγματος
901 382 1295 458 ἐκφερομένην,
1331 379 1667 444 ἑλκύσαντες
1698 381 1757 439 δέ
1788 383 1949 442 πλίν-

345 471 476 532 θους
517 469 705 532 immis-
746 468 1013 546 ὤπτησαν
1053 468 1223 532 αύτοῖς
1260 473 1318 528 ἐν
1355 469 1662 544 καμίνοισι·
1700 469 1845 546 μετὰ
1872 471 1949 541 δὲ,

340 557 579 635 τέλματι
618 557 923 636 χρεόμενοι
962 555 1245 636 ἀσφάλτῳ
1292 557 1489 633 θερμῇ,
1535 556 1628 614 καὶ
1666 555 1759 616 Sui
1796 556 1952 634 τριή-

343 672 512 707 κοντα
545 645 728 722 δόμων
761 645 1001 705 πλίνθου
1035 669 1280 721 ταρσους
1316 643 1583 720 καλάμων
1618 644 1949 720 διαστοιβά-

341 735 539 806 ζοντες,
582 734 801 826 ἔδειμαν
814 736 1052 843 πρῶταΑ
1074 735 1181 810 μὲν
1219 736 1321 809 τῆς
1356 731 1581 809 τάφρου
1621 731 1694 792 τοὶ
1730 733 1949 811 χείλεα,

341 822 569 900 δεύτεμ
605 808 686 881 δὲ
698 819 833 882 αὖτό
872 820 938 881 τό
965 824 1153 899 τεῖχος
1175 819 1275 880 τόν
1300 818 1469 880 αὖτόν
1491 819 1723 897 τρόπον·
1764 818 1950 882 ἐπάνω

341 911 402 970 δὲ
426 915 526 970 τοῦ
550 911 762 988 τείχεος
786 907 941 984 παροὶ
964 908 1036 968 τοὶ
1061 909 1293 987 ἔσχατα,
1316 907 1592 984 οἰκήματα
1615 907 1949 984 μουνόκωλα

341 998 561 1074 ἔδειμαν
603 997 956 1074 τετραμμένα
996 1001 1053 1059 ἐς
1098 995 1349 1071 ἄλληλα·
1396 995 1464 1055 τό
1504 997 1685 1072 μέσον
1730 996 1791 1054 δὲ
1834 1001 1949 1057 τῶν

341 1083 653 1160 οἰκημάτων
687 1086 881 1143 ἔλιπον
918 1084 1205 1164 τεθρίππῳ
1238 1083 1588 1161 περιέλασιν.
1668 1082 1846 1143 πύλαι
1886 1085 1949 1145 δὲ

342 1176 604 1231 ἐνεστᾶσι
640 1171 805 1247 πέριξ
839 1176 941 1231 τοῦ
975 1172 1189 1250 τείχεος
1220 1169 1430 1242 ἐκατόν,
1466 1170 1707 1250 χάλκεαι
1740 1175 1945 1243 πᾶσαι,

342 1259 435 1319 καὶ
486 1261 736 1336 σταθμοί
781 1286 846 1320 τε
892 1260 985 1320 καὶ
1029 1258 1314 1337 ύπέρθυρα
1367 1258 1645 1322 ὥσαύτως.
1716 1260 1838 1320 ἔστι
1885 1261 1945 1320 δὲ

342 1346 496 1424 ἅλλη
535 1348 702 1412 πόλις
740 1348 1036 1428 ἀπέχουσα
1068 1346 1212 1407 ὄκτῶ
1241 1346 1490 1423 ἡμερέων
1520 1346 1653 1407 ὄδόν
1684 1346 1798 1408 osu-<3
1832 1353 1946 1408 Βα-

338 1437 617 1512 βυλῶνος·
658 1435 745 1500 Ἲς
786 1436 998 1513 οὕνομα
1039 1435 1199 1514 αὐτῇ·
1242 1436 1373 1495 ἔνθα
1416 1434 1541 1494 ἐστὶ
1584 1435 1839 1512 ποταμὸς
1879 1437 1946 1496 οὔ

338 1525 533 1607 μέγας·
572 1523 659 1588 Ἲς
693 1526 786 1584 καὶ
814 1528 892 1603 τῷ
922 1527 1157 1602 ποταμῷ
1190 1522 1257 1583 τό
1291 1521 1519 1599 οὕνομα·
1563 1522 1848 1600 ἐσβάλλει
1885 1525 1946 1584 δὲ

341 1611 502 1676 οὗτος
535 1619 590 1676 ἐς
623 1613 723 1673 τόν
747 1610 1056 1688 Εὖφρῆτην
1087 1609 1345 1687 ποταμόν
1375 1610 1441 1671 τό
1468 1610 1714 1688 ῥέεθρον.
1784 1609 1947 1677 οὗτος

344 1699 420 1761 ὧν
445 1701 476 1760 ὁ
500 1699 586 1763 Ἲς
611 1699 862 1776 ποταμὸς
887 1698 1004 1777 ἅμα
1029 1702 1105 1778 τῷ
1136 1697 1294 1759 ὕδατι
1322 1697 1611 1777 θρόμβους
1636 1697 1945 1777 οἷσφάλτου

343 1786 594 1847 οἷναὸιδοῖ
615 1786 885 1851 πολλούς·
928 1787 1080 1847 ἔνθεν
1105 1786 1145 1863 ή
1172 1786 1471 1863 ἄσφαλτος
1498 1792 1552 1850 ἐς
1575 1786 1641 1847 τό
1669 1792 1727 1847 ἐν
1753 1790 1946 1865 Βαβυ·

249 1877 362 1934 180
382 1879 519 1935 λῶνι
555 1880 741 1954 τεῖχος
781 1875 1074 1953 ἐκομίσθη.
1142 1875 1468 1953 Τετείχιστο
1498 1874 1603 1951 μέν
1631 1901 1729 1936 νυν
1758 1876 1797 1953 ἦ
1831 1882 1942 1937 Βα-

337 1963 535 2039 βυλών
583 1962 770 2043 τρόπῳ
820 1963 1031 2043 τοιῷδε.
1129 1962 1252 2022 ἔστι
1303 1962 1363 2021 δὲ
1413 1961 1511 2022 δύο
1564 1962 1795 2040 φάρσεα
1840 1968 1946 2041 τῆς

339 2052 556 2117 πόλιος·
612 2052 679 2113 τό
719 2052 830 2135 γὰρ
874 2052 1054 2129 μέσον
1099 2050 1270 2126 αὐτῆς
1310 2050 1562 2127 ποταμός
1600 2052 1821 2131 διέργει,
1867 2056 1945 2132 τῷ

341 2141 552 2222 οὔνομά
591 2146 714 2202 ἐστι
752 2140 1075 2218 Εὐφρήτης.
1156 2140 1271 2217 ῥέει
1310 2139 1371 2197 δὲ
1412 2139 1473 2209 ἐξ
1506 2138 1811 2215 Ἀρμενίων
1843 2140 1947 2201 ἐῶν

339 2232 516 2312 μέγας
558 2232 650 2291 καὶ
690 2230 876 2306 βαθῦς
915 2229 1007 2288 καὶ
1046 2227 1237 2307 ταχύς·
1280 2227 1411 2297 ἐξίει
1451 2228 1511 2287 δὲ
1551 2224 1711 2291 οὗτος
1752 2233 1807 2292 ἐς
1838 2228 1946 2305 τὴν

339 2317 616 2395 Ἐρυθρήν
641 2316 964 2377 θάλασσαν.
1036 2315 1103 2376 τό
1132 2316 1205 2375 ὦν
1232 2315 1300 2391 δή
1325 2318 1511 2394 τεῖχος
1536 2314 1793 2393 ἑκάτερον
1816 2318 1945 2381 τούς

340 2404 591 2483 ἀγκῶνας
617 2409 672 2467 ἐς
695 2403 795 2464 τόν
818 2403 1073 2480 πὸταμόν
1100 2403 1392 2479 ἐλήλαται·
1431 2404 1497 2463 τὰ
1524 2404 1584 2462 δὲ
1608 2402 1721 2464 ἆπό
1743 2404 1945 2465 τούτου

340 2490 422 2572 [αἱ
451 2490 781 2573 ἐπικαμπαὶ]
824 2490 979 2568 παρὰ
1016 2495 1211 2570 χεῖλος
1251 2491 1507 2569 ἑκάτερον
1544 2496 1647 2552 τοῦ
1684 2498 1945 2570 ποταμοῦ

342 2578 582 2655 αἱμασιὴ
620 2580 869 2640 πλίνθων
907 2578 1119 2639 ὀπτέων
1163 2580 1501 2658 παρατείνει.
1582 2579 1650 2640 τὸ
1692 2580 1754 2639 δὲ
1797 2580 1945 2641 ἄστυ

341 2666 496 2739 affra,
526 2668 616 2728 ἐόν
646 2670 862 2751 πλῆρες
887 2668 1097 2729 οἰκιέων
1120 2667 1447 2745 τριωρόφων
1471 2665 1534 2728 τε
1561 2668 1654 2727 καὶ
1677 2667 1945 2746 τετρωρό-

345 2762 483 2833 φων,
526 2756 932 2834 κατατέτμηται
969 2756 1069 2819 τοὶς
1107 2756 1269 2819 ὁδούς
1302 2756 1487 2827 ἰθείας,
1524 2756 1625 2819 τάς
1652 2774 1725 2816 ’τε
1759 2754 1947 2820 ἄλλας

342 2846 434 2904 καὶ
471 2844 571 2908 τοῖς
611 2846 937 2922 ἐπικαρσίας
974 2844 1075 2909 τᾶς
1115 2845 1208 2905 ἐπὶ
1246 2843 1346 2904 τὸν
1386 2844 1642 2921 ποταμόν
1682 2842 1943 2923 ἐχούσας.

345 2933 486 2992 κατοὶ
527 2933 594 3008 ὃν)
627 2933 702 2994 ὧν
742 2932 982 3008 ἑκάστην
1022 2931 1153 2992 ὁδόν
1193 2937 1251 2992 ἐν
1289 2934 1362 3009 τῇ
1402 2934 1643 3011 αἱμασιῇ
1681 2934 1756 3010 τῇ
1790 2930 1947 3009 παρὰ

341 3019 441 3079 τὸν
482 3018 736 3096 ποταμόν
775 3020 1003 3081 πυλίδες
1042 3023 1277 3093 ἐπῆσαν,
1321 3016 1456 3077 ὅσαι
1495 3044 1601 3095 περ
1637 3021 1696 3077 αἱ
1739 3022 1947 3096 λαῦραι

343 3108 617 3164 τοσαῦται
655 3106 911 3183 οἷριθμόν·
955 3106 1103 3180 ἦσαν
1138 3104 1198 3162 δέ
1230 3104 1321 3162 καὶ
1357 3102 1521 3164 αὗται
1550 3104 1807 3184 χάλκεαι,
1846 3107 1945 3183 φέ-

167 3218 206 3248 x
251 3192 362 3251 181
383 3206 586 3264 ’ρουσαι
611 3193 702 3250 καὶ
728 3192 891 3251 αύταὶ
917 3196 971 3254 ἐς
997 3190 1165 3250 αὐτὸν
1188 3190 1286 3249 τόν
1306 3190 1579 3267 ποταμόν.
1638 3196 1819 3253 Τοῦτο
1842 3196 1950 3270 μὲν

347 3274 416 3347 δή
454 3274 522 3335 τό
559 3280 744 3355 τεῖχος
783 3277 971 3355 θώρηξ
1009 3276 1155 3336 ἐστί·
1197 3276 1383 3353 ἕτερον
1422 3277 1483 3336 δὲ
1522 3278 1730 3340 ἔσωθεν
1761 3284 1951 3360 τεῖχος
