2250 3500
349 125 564 187 ιιι-20]
997 125 1323 177 mmmm.
1858 121 1951 176 117

340 227 406 264 τε
432 203 654 264 πάντων
678 205 857 280 σφίσι
885 205 1088 274 ἐξεῖναι
1111 203 1431 286 γεύεσθαι·”
1470 203 1505 266 ὅ
1530 203 1589 264 δὲ
1616 202 1741 268 θεός
1765 208 1953 278 σφεας

341 289 444 350 ούκ
483 291 546 349 ἔα
581 292 789 351 ποιέειν
826 296 1020 364 ταῦτα,
1064 293 1179 369 φὰς
1211 293 1538 373 ’(Αἶγυπτον
1570 291 1711 352 εἶναι
1748 290 1955 366 ταύτην

339 385 446 461 τὴν
485 385 518 444 ὁ
566 389 776 450 Νεῖλος
829 387 998 448 ἐπιῶν
1049 385 1223 466 ἄρδει·
1292 389 1385 447 καὶ
1425 388 1762 468 Αῖγιηπίους
1810 385 1949 445 εἶναι

338 473 570 537 τούτους
595 473 650 533 οἳ
675 475 860 552 ἔνερθε
885 474 1291 552 Ἐλεφαντίνης
1314 476 1517 538 πόλιος
1542 475 1809 538 οἰκέοντες
1834 473 1948 534 ‹in—6

337 565 442 622 τοῦ
494 566 752 639 ποταμοῦ
799 563 999 623 τούτου
1051 563 1333 625 πίνουσι.”
1415 564 1557 624 οὕτω
1609 568 1721 638 σφι
1771 566 1945 622 ταῦτα
1966 563 2039 622 19

339 649 617 728 ἐχρήσθη.
701 651 994 730 ἐπέρχεται
1033 649 1094 711 δὲ
1134 651 1167 713 ὅ
1212 655 1439 722 Νεῖλος,
1494 648 1663 710 ἐπεὰν
1702 650 1945 728 πληθύῃ,

337 736 407 796 οὗ
432 735 609 814 μόνον
631 736 699 798 τό
729 739 940 810 Δέλτα,
967 738 1124 799 ἀλλὰ
1165 741 1258 799 καὶ
1284 743 1384 799 τοῦ
1411 740 1669 815 Λιβυκοῦ
1694 762 1759 797 τε
1781 740 1945 818 λεγο-

337 825 510 901 μένου
536 825 722 904 χώρου
755 825 894 886 εἶναι
921 827 1014 885 καὶ
1049 830 1152 888 τοῦ
1179 826 1473 905 Ἀραβίου,
1504 829 1699 906 ἐνιαχῆ
1727 825 1817 884 καὶ
1854 824 1945 884 ἐπὶ

337 911 438 972 δύο
475 911 724 991 ἡμερέων
764 914 1057 992 ἑκατέρωθι
1092 913 1243 986 ὁδὸν,
1279 916 1371 975 καὶ
1398 917 1578 975 πλεῦν
1616 916 1697 974 ἔτι
1724 911 1942 982 τούτου,

340 1000 437 1059 καὶ
463 1001 736 1062 ἔλασσον.

417 1091 533 1148 Τοῦ
565 1092 822 1167 ποταμοῦ
850 1089 910 1150 δὲ
938 1088 1145 1167 φύσιος
1183 1091 1329 1169 πέρι,
1373 1089 1499 1151 οὗτε
1536 1116 1593 1152 τι
1630 1094 1742 1152 τιῦν
1782 1089 1940 1168 ἶρέων

335 1174 465 1236 οὔτε
506 1175 689 1236 ἄλλου
729 1177 950 1242 οὖὸενδς
991 1180 1354 1256 παραλαβεῖν
1395 1177 1721 1254 ἐδυνάσθην.
1802 1177 1937 1255 πρό-

334 1264 514 1342 θυμος
553 1264 614 1324 δὲ
651 1266 712 1324 ἔα
743 1265 876 1325 τάδε
905 1264 1036 1343 παρ’
1065 1266 1245 1328 αὐτῶν
1270 1266 1565 1336 πυθέσθαι,
1594 1265 1628 1326 ὅ
1661 1291 1717 1326 τι
1749 1266 1939 1342 κατέρ·

330 1376 496 1430 χεται
518 1355 624 1430 μὲν
651 1350 684 1412 ὅ
711 1356 921 1416 Νεῖλος
946 1353 1212 1430 πληθύων
1237 1352 1350 1412 dm?
1380 1354 1629 1430 τροπέων
1662 1355 1771 1412 τῶν
1796 1352 1939 1429 θερι·

333 1438 471 1500 νέων
511 1438 819 1517 ἀρξάμενος
860 1441 951 1500 ἐπὶ
998 1440 1194 1500 ἐκατόν
1234 1438 1461 1517 ἡμέρας,
1499 1437 1757 1502 πελάσας
1796 1437 1842 1497 δ’
1884 1443 1939 1504 ἐς

331 1525 435 1586 τόν
459 1525 698 1605 α’ριθμόν
731 1529 968 1588 τουτέων
998 1530 1108 1588 τιῦν
1134 1527 1383 1604 ἡμερέων
1418 1525 1602 1588 ὄπίσω
1636 1525 1940 1605 ἀπέρχεται

333 1613 660 1676 α’πολείπων
697 1615 766 1677 τό
805 1616 1050 1694 ῥέεθρον·
1107 1614 1255 1676 ὥστε
1294 1615 1516 1694 βραχύς
1552 1613 1655 1676 τᾶν
1691 1616 1937 1693 χειμῶνα

334 1699 554 1764 ἅπαντα
589 1703 858 1765 διατελέει
891 1702 1008 1773 ἐῶν,
1035 1703 1206 1784 μέχρι
1247 1699 1313 1764 οὗ
1354 1701 1506 1767 αὖτις
1544 1703 1791 1781 τροπέων
1823 1705 1935 1762 τῶν

335 1790 607 1868 θερινέων.
688 1790 897 1852 τούτων
950 1790 1024 1852 ὧν
1075 1794 1205 1870 πέρι
1260 1791 1479 1855 ούδενός
1523 1792 1683 1852 οὐδὲν
1729 1790 1844 1855 οἶός
1881 1787 1931 1850 τ’

335 1878 606 1959 ἐγενόμην
625 1881 986 1957 παραλαβεῖν
1003 1880 1157 1956 παροῖ
1183 1883 1295 1940 τῶν
1312 1880 1645 1960 Αἰγυπτίων,
1670 1880 1937 1957 ἱστορέων

333 1964 534 2029 αύτούς
580 1967 774 2043 ἥντινα
815 1966 1046 2045 δύναμιν
1089 1970 1204 2046 ἔχει
1249 1967 1281 2028 ὁ
1324 1970 1535 2031 Νεῖλος
1577 1968 1651 2027 τοὶ
1694 1969 1937 2044 ἔμπαλιν

331 2053 640 2129 πεφυκέναι
679 2057 790 2115 τῶν
830 2054 1022 2114 ἄλλων
1068 2058 1354 2130 ποταμῶν.
1436 2052 1613 2114 ταῦτά
1650 2079 1715 2113 τε
1754 2053 1822 2129 δὴ
1861 2051 1934 2113 τὰ

331 2142 646 2222 λελεγμένα
685 2141 1038 2219 βουλόμενος
1079 2142 1295 2211 εἰδέναι,
1346 2140 1616 2217 ἱστόρεον,
1659 2140 1751 2198 καὶ
1798 2138 1832 2199 ὅ
1877 2164 1933 2199 τι

331 2228 504 2305 αὔρας
568 2228 960 2294 ἀποπνεούσας
1012 2231 1217 2306 μοῦνος
1277 2232 1545 2305 ποταμῶν
1594 2227 1816 2287 πάντων
1868 2225 1935 2287 ού

329 2319 653 2397 παρέχεται.
732 2316 920 2376 Ἀλλὰ
971 2315 1263 2393 Ἑλλήνων
1311 2317 1417 2394 μέν
1461 2342 1620 2386 τινες,
1668 2316 1935 2393 ἐπίσημοι
1950 2317 2029 2375 20

329 2404 676 2481 βουλόμενοι
700 2406 966 2486 ’γενέσθαι
991 2405 1223 2481 σοφίην,
1246 2405 1442 2475 ἔλεξαν
1465 2406 1593 2483 περὶ
1619 2409 1719 2465 τοῦ
1736 2404 1935 2469 ὕδατος

330 2491 530 2552 τούτου
553 2494 864 2571 τριφασίας
894 2492 1072 2556 ὁδούς·
1111 2496 1224 2552 τῶν
1262 2492 1363 2556 τοὶς
1396 2495 1500 2570 μὲν
1518 2493 1631 2554 ’δύο
1655 2498 1765 2556 τῶν
1789 2493 1933 2556 ὁδῶν

333 2578 446 2639 οὐδ’
471 2578 606 2650 σῖξιιῦ
631 2580 970 2657 μνησθῆναι,
989 2580 1135 2657 εἰμὴ
1159 2580 1299 2641 ὅσον
1318 2586 1569 2661 σημῇναι
1582 2580 1933 2659 βουλόμενος

329 2670 556 2744 μοῦνον·
596 2671 710 2728 τῶν
733 2667 772 2743 ἦ
800 2670 958 2745 ἑτέρη
982 2669 1087 2744 μὲν
1112 2670 1270 2751 λέγει
1293 2670 1423 2734 τούς
1448 2671 1675 2746 ἐτησίας
1700 2668 1934 2744 ἀνέμους

331 2754 472 2815 εἶναι
511 2756 720 2819 αἰτίους
759 2754 1034 2832 πληθύειν
1071 2755 1172 2817 τόν
1210 2757 1481 2833 ποταμόν,
1524 2754 1837 2817 κωλύοντας
1877 2759 1932 2817 ἐς

331 2842 640 2905 θάλασσαν
667 2844 871 2921 ἐκρέειν
894 2842 996 2904 τόν
1021 2848 1255 2903 Νεῖλον.
1323 2842 1601 2906 πολλάκις
1628 2842 1687 2901 δὲ
1714 2840 1933 2916 ἐτησίαι

327 2931 434 3005 μὲν
459 2929 560 2991 ούκ
588 2929 662 2992 ὧν
689 2932 977 3000 ἔπνευσαν,
1006 2930 1038 2992 ὅ
1069 2932 1131 2990 δὲ
1164 2933 1375 2993 Νεῖλος
1412 2928 1589 2989 τώυτὸ
1624 2926 1929 3009 ἐργάζεται·

329 3017 475 3095 πρὸς
500 3019 577 3090 δὲ,
601 3023 651 3079 εἰ
674 3019 892 3097 ἐτησίαι
914 3019 1081 3078 αἴτιοι
1106 3017 1273 3093 ἦσαν,
1294 3021 1439 3097 χρῆν
1457 3019 1549 3076 καὶ
1567 3017 1696 3080 τούς
1721 3016 1933 3079 ἄλλους

330 3107 622 3184 ποταμούς
647 3107 777 3168 ὅσοι
812 3110 968 3168 τοῖσι
1004 3107 1268 3185 ἐτησίῃσι
1298 3103 1475 3164 ἀντίοι
1507 3104 1699 3180 ῥέουσι
1730 3102 1933 3180 ὁμοίως

330 3192 576 3274 πάσχειν
618 3195 710 3254 καὶ
742 3194 885 3254 κατὰ
921 3192 996 3253 τοὶ
1035 3192 1180 3253 αὐτοὶ
1217 3195 1295 3269 τῷ
1334 3191 1541 3269 Νείλῳ,
1572 3192 1665 3250 καὶ
1702 3194 1931 3267 μᾶλλον

331 3281 416 3341 ἔτι
446 3282 718 3361 τοσούτῳ,
744 3281 864 3361 ὅσῳ
900 3280 1213 3341 ἐλάσσονες
1246 3276 1427 3340 ἐόντες
1457 3277 1837 3356 ἀσθενέστερα
1859 3275 1933 3337 τοὶ
