2250 3500
325 92 425 139 230
920 90 1287 139 ‘HPOAOTOT
1793 86 1922 151 [ΠΙ.

325 170 502 246 ἴδμεν·
532 173 636 229 τοῦ
658 167 997 246 α’ρχιτέκτων
1014 172 1234 245 πρῶτος
1260 169 1477 249 ἐγένετο
1499 167 1718 232 Ῥοῖκος
1742 168 1928 228 Φίλεω

328 256 632 335 ἐπιχώριος.
702 254 910 317 τούτων
950 256 1153 317 εἵνεκεν
1191 255 1418 333 μᾶλλόν
1447 281 1506 316 τι
1535 254 1664 333 περὶ
1701 256 1927 334 Σαμίων

328 344 587 423 ἐμήκυνα.

232 434 303 493 61
408 431 704 511 Καμβύσῃ
731 433 791 492 δὲ
816 436 892 511 τῷ
917 431 1124 509 Κύρου,
1151 426 1468 511 χρονίζοντι
1488 430 1617 509 περὶ
1640 432 1927 513 Αἴγυπτον

229 546 233 549 ’
326 521 418 581 καὶ
467 519 987 599 παραφρονήσαντι,
1044 519 1436 579 ἐπανιστέαται
1487 518 1680 595 ἄνδρες
1729 518 1926 599 Μάγοι

324 608 424 669 δύο
468 607 755 684 ἀδελφεοί·
823 612 934 668 τῶν
979 607 1080 667 τόν
1129 608 1316 685 ἕτερον
1369 607 1773 666 καταλελοίπεε
1816 610 1928 667 τῶν

325 688 509 757 οἰκίων
558 696 869 774 μελεδωνόν
916 694 949 754 ὅ
996 695 1342 771 Καμβύσης·
1411 692 1573 758 οὗτος
1619 694 1688 771 δὴ
1744 693 1820 754 ὧν
1871 697 1928 754 οἱ

323 786 620 861 ἐπανέστη,
653 783 845 861 μαθών
879 808 943 844 τε
976 782 1077 843 τόν
1114 784 1386 860 Σμέρδιος
1423 782 1664 843 θάνατον
1699 780 1771 845 ὥς
1801 780 1925 861 κρύ-

323 869 523 933 πτοιτο
546 871 857 954 γενόμενος,
879 870 972 930 καὶ
999 870 1071 933 ὥς
1097 869 1284 952 ὀλίγοι
1309 870 1459 946 ἦσαν
1485 874 1540 930 οἱ
1566 869 1926 948 ἐπιστάμενοι

324 959 503 1020 αὗτῶν
544 960 828 1037 Περσέων,
857 961 911 1017 οἱ
950 958 1010 1017 δὲ
1048 959 1263 1019 πολλοὶ
1303 957 1595 1036 περιεόντα
1632 983 1732 1035 μιν
1773 958 1926 1017 εἰδεί-

323 1046 491 1124 ησαν·
530 1048 673 1123 πρός
698 1050 873 1106 ταῦτα
897 1044 1221 1122 βουλεύσας
1250 1044 1386 1107 τάδε
1418 1047 1749 1125 ἐπεχείρησε
1770 1050 1927 1105 τοῖσι

326 1136 707 1211 βασιληίοισι·
749 1132 819 1209 ἦν
845 1137 899 1194 οἱ
924 1132 1216 1209 σῖδελφεός,
1243 1133 1342 1194 τόν
1375 1133 1506 1193 εἶπά
1530 1138 1585 1194 οἳ
1619 1152 1928 1195 συνεπανα-

327 1227 547 1300 στῆναι,
575 1222 734 1286 οἰκῶς
771 1222 1029 1299 μάλιστα
1066 1220 1135 1282 τὸ
1178 1221 1321 1285 εἶδος
1360 1222 1569 1300 Σμέρδι
1607 1226 1684 1300 τῷ
1716 1222 1925 1299 Κύρου·

324 1310 425 1372 τόν
452 1310 484 1371 ὁ
511 1310 910 1389 Καμβύσης,’
886 1309 1046 1371 εόντα
1073 1312 1273 1369 ἐωυτοῦ
1299 1307 1658 1385 οἷδελφεόν,’
1623 1309 1925 1370 απέκτεινε·

326 1398 397 1475 ἦν
420 1426 481 1460 τε
507 1398 633 1475 δή“
603 1403 794 1476 ομοῖος
832 1398 974 1462 εἶδος
1004 1401 1081 1477 τῷ
1121 1397 1328 1475 Σμέρδι
1362 1398 1457 1470 καὶ
1491 1395 1559 1473 δη
1589 1398 1682 1457 καὶ
1717 1396 1928 1474 οὕνομα

327 1488 503 1549 τωυτδ
533 1489 649 1567 ειχε
676 1486 933 1564 Σμέρδιν·
975 1491 1176 1547 τοῦτον
1201 1485 1301 1545 τὸν
1336 1483 1577 1563 ἅνδρα’
1539 1484 1868 1565 αναγνῶσας
1895 1484 1927 1545 ὅ

330 1577 533 1657 Μάγος
585 1576 921 1651 Πατιζείθης
961 1573 1033 1637 ὥς
1071 1576 1127 1633 οἱ
1173 1571 1340 1637 αύτὸς
1384 1572 1570 1633 πάντα
1622 1572 1926 1650 διαπρήξει,

330 1664 449 1724 εἷσε
499 1661 648 1744 ἄγων
688 1668 745 1725 ἐς
788 1660 887 1721 τᾶν
931 1659 1245 1736 βασιλήϊον
1291 1660 1511 1738 θρόνον·
1577 1659 1824 1736 ποιήσας
1869 1661 1930 1721 δὲ

329 1756 513 1820 τοῦτο,
547 1751 783 1827 κήρυκας
814 1754 885 1828 τῇ
916 1775 979 1809 τε
1018 1746 1172 1827 ἄλλῃ
1213 1748 1481 1826 διέπεμπε
1521 1750 1614 1809 καὶ
1646 1750 1715 1826 δή
1753 1750 1844 1809 καὶ
1875 1755 1930 1813 ἐς

331 1838 630 1919 Αἴγυπτον,
667 1838 1005 1914 προερέοντα
1038 1840 1115 1915 τῷ
1155 1842 1396 1916 στρατῷ,
1423 1837 1496 1902 ὥς
1525 1838 1796 1915 Σμέρδιος
1828 1841 1928 1899 τοῦ

332 1925 524 2004 Κύρου
548 1925 827 1986 α’,κουστέα
853 1924 938 2001 εἴη
962 1927 1062 1985 τοῦ
1089 1927 1312 1995 λοιποῦ,
1333 1923 1467 1984 ἀλλ’
1489 1925 1552 1984 οὖ
1575 1925 1927 2002 Καμβύσεω.

238 2017 312 2074 62
334 2015 413 2074 Οἵ
432 2041 493 2076 τε
518 2014 589 2090 δὴ
622 2013 697 2075 ὦν
728 2012 902 2074 ἄλλοι
937 2011 1167 2090 κήρυκες
1198 2012 1581 2094 προηγόρευον
1610 2017 1805 2083 ταῦτα,
1838 2014 1929 2072 καὶ

332 2103 399 2180 δή
437 2103 528 2164 καὶ
560 2103 591 2164 ὁ
626 2102 710 2163 ἐπ’
737 2103 1023 2184 Αἴγυπτον
1060 2101 1304 2180 ταχθεὶς,
1333 2099 1578 2181 (εὕρισκε
1616 2100 1726 2182 γὰρ
1769 2107 1929 2178 Καμ-

332 2191 519 2268 βύσεα
546 2193 638 2251 καὶ
662 2190 762 2252 τόν
788 2188 1035 2268 στρατόν
1069 2187 1232 2249 ἐόντα
1266 2191 1368 2264 τῆς
1404 2189 1607 2266 Συρίης
1635 2193 1694 2248 ἐν
1716 2188 1929 2269 Ἀγβα-

330 2279 593 2359 τάνοισι,)
620 2277 964 2360 προηγόρευε
991 2275 1134 2340 στσῖς
1160 2281 1215 2340 ἐς
1244 2277 1426 2352 μέσον
1449 2275 1522 2336 τοὶ
1561 2277 1932 2354 ἐντεταλμένα

333 2372 396 2426 ἐκ
420 2371 521 2426 τοῦ
548 2365 772 2446 Μάγου·
815 2363 1143 2441 Καμβύσης
1167 2364 1226 2424 δὲ
1253 2363 1499 2426 σῖκούσας
1531 2367 1710 2424 ταῦτα
1744 2370 1806 2424 ἐκ
1830 2368 1932 2425 τοῦ

336 2453 583 2530 κήρυκος,
632 2453 728 2511 καὶ
766 2453 1005 2514 ἐλπίσας
1042 2477 1141 2528 μιν
1179 2453 1367 2533 λέγειν
1406 2449 1625 2527 α’ληθέα
1664 2449 1833 2516 αύτός
1870 2477 1934 2512 τε

332 2539 705 2618 προδεδόσθαι
732 2545 793 2600 ἐκ
820 2537 1215 2616 Πρηξάσπεος,
1243 2539 1600 2620 (πεμφθέντα
1629 2537 1740 2620 γὰρ
1767 2538 1935 2601 αύτόν

335 2629 407 2694 ὥς
430 2627 833 2690 ἀποκτενέοντα
854 2627 1093 2705 Σμέρδιν
1114 2627 1180 2688 ού
1206 2632 1445 2703 ποιῆσαι
1469 2629 1688 2709 ταῦτα,)
1709 2629 1936 2707 βλέψας

336 2724 392 2783 ἐς
429 2719 527 2779 τόν
579 2715 933 2795 Πρηξάσπεα
985 2716 1123 2775 εἶπε·
1194 2726 1230 2752 “
1247 2714 1608 2793 Πρήξασπες,
1657 2715 1799 2775 οὕτω
1837 2741 1936 2792 μοι

335 2806 635 2886 διεπρήξαο
670 2805 737 2866 τό
775 2831 867 2866 τοι
898 2805 1230 2881 προσέθηκα
1267 2807 1504 2883 πρῆγμα
1524 2803 1572 2873 ;”
1629 2803 1663 2864 ὅ
1701 2803 1761 2863 δὲ
1797 2803 1935 2864 εἶπε·

335 2895 424 2953 “ὧ
462 2895 728 2964 δέσποτα,
760 2892 860 2953 οὐκ
894 2893 1017 2952 ἔστι
1049 2896 1227 2952 ταῦτα
1260 2890 1476 2967 ἀληθέα
1509 2891 1649 2955 ὅκως
1685 2892 1817 2952 κοτέ
1841 2916 1938 2952 σοι

339 2982 573 3058 Σμέρδις
611 2980 889 3056 ἀδελφεὸς
928 2979 960 3038 ὁ
1002 2979 1105 3042 σός
1146 2980 1504 3055 ἐπανέστηκε,
1535 2979 1662 3058 οὐδὲ
1701 2978 1841 3043 ὅκως
1876 3005 1934 3040 τι

342 3069 404 3136 ἐξ
454 3069 660 3129 ἐκείνου
711 3072 813 3127 τοῦ
852 3067 1052 3145 α’νδρός
1091 3066 1270 3129 νεῖκός
1306 3092 1396 3126 τοι
1438 3067 1599 3126 ἔσται
1637 3065 1675 3143 ἢ
1714 3068 1864 3147 μέγα
1899 3064 1938 3144 ἢ

341 3157 599 3230 σμικρόν·
640 3154 747 3236 ἐγῶ
774 3155 884 3236 γὰρ
912 3154 1077 3216 αῦτὸς
1100 3152 1346 3229 ποιήσας
1376 3153 1448 3214 τοὶ
1475 3155 1553 3214 σύ
1575 3181 1650 3231 με
1675 3155 1938 3224 ἐκέλευες,

342 3239 525 3316 ἔθαψά
574 3266 671 3306 μιν
720 3242 889 3319 χερσὶ
938 3241 1075 3318 τῇσι
1115 3245 1408 3317 ἐμεωυτοῦ.
1491 3247 1542 3300 εἰ
1591 3243 1698 3320 μέν
1749 3267 1848 3303 νυν
1885 3243 1942 3302 οἱ
