2250 3500
351 152 568 218 27-30]
1055 156 1279 210 ΚΔΕῙΩ.
1888 161 1951 212 1³

341 232 541 305 Ἴωνες,
559 234 810 312 Δωριέες,
827 235 1072 306 ΑΖολέες,
1091 237 1427 314 Πάμφυλοι·
1456 239 1951 318 κατεστραμμένον
1968 241 2045 302 29

349 319 412 382 δὲ
445 321 668 393 τούτων,
707 322 800 382 καὶ
837 325 1361 402 προσεπικτωμένου
1400 325 1655 404 Κροίσου
1694 327 1949 400 Λυδοῖσι,

349 407 696 471 ἀπικνέονται
728 415 783 474 ἐς
816 409 1018 487 Σάρδις
1049 410 1407 489 ἀκμαζούσας
1436 413 1661 494 πλούτῳ
1684 413 1857 474 ἄλλοι
1886 441 1953 478 τε

348 501 404 558 οἱ
436 497 638 561 πάντες
673 501 736 558 ἐκ
765 500 868 574 τῆς
898 497 1177 563 Ἑλλάδος
1210 501 1505 576 σοφισταὶ,
1532 501 1587 562 οἳ
1619 506 1817 564 τοῦτον
1848 503 1950 565 τὸν

346 584 548 666 χρόνον
563 586 864 666 ἐτύγχανον
879 584 1074 657 ἐόντες,
1092 585 1167 652 ὥς
1184 586 1416 652 ἕκαστος
1431 587 1607 648 αὐτῶν
1618 589 1946 660 ἀπικνέοιτο,

348 673 440 732 καὶ
483 672 554 749 δὴ
595 674 688 732 καὶ
731 672 928 738 Σόλων
966 671 1108 750 α’νῆρ
1146 673 1457 752 Ἀθηναῖος,
1497 675 1560 740 ὃς
1599 674 1948 754 Ἀθηναίοισι

345 759 549 837 νόμους
567 759 872 823 κελεύσασι
889 759 1151 836 ποιήσας,
1168 761 1496 840 ἀπεδήμησε
1512 765 1637 824 ἔτεα
1656 763 1787 824 δέκα
1808 765 1947 825 κατὰ

348 849 576 926 θεωρίης
598 849 892 927 πρόφασιν
916 849 1227 920 ἐκπλώσας,
1256 850 1346 912 ἶνα
1372 850 1441 927 δὴ
1450 849 1556 962 μη’
1578 876 1705 912 τινα
1726 855 1837 912 τῶν
1860 851 1947 913 νό-

345 961 466 1010 μων
487 935 817 1020 ἀναγκασθῇ
841 939 1019 998 λῦσαι
1041 941 1155 997 τῶν
1182 939 1357 998 ἔθετο·
1397 937 1555 1000 αὐτοὶ
1578 964 1690 1021 γαρ
1714 938 1813 1000 οὐκ
1839 939 1953 999 οἶοι

344 1049 408 1086 τε
429 1024 582 1101 ἦσαν
605 1023 742 1086 αὖτο
767 1027 1006 1100 ποιῆσαι
1028 1022 1336 1101 Ἀθηναῖοι·
1376 1024 1616 1104 ὁρκίοισι
1637 1053 1749 1108 γαρ
1771 1027 1944 1109 μεγά-

345 1115 504 1173 λοισι
529 1112 868 1192 κατείχοντο,
895 1112 1028 1172 δέκα
1059 1112 1185 1172 ἔτεα
1216 1111 1535 1193 χρήσεσθαι
1559 1112 1784 1192 νόμοισι
1812 1115 1943 1179 τούς

343 1199 414 1261 ἅν
442 1207 556 1276 σφι
591 1199 788 1265 Σόλων
817 1200 1002 1276 θῆται.
1043 1197 1241 1261 Αὔτῶν
1268 1198 1413 1276 δη’
1372 1227 1447 1262 ων
1478 1202 1685 1262 τούτων
1716 1203 1810 1262 καὶ
1842 1205 1943 1278 τῆς
1961 1203 2039 1262 30
2124 1249 2135 1258 .

344 1287 572 1364 θεωρίης
616 1285 933 1363 ἐκδημήσας
973 1285 1009 1348 ὅ
1056 1277 1255 1352 Σάλιον
1298 1287 1515 1360 εἵνεκεν,
1562 1293 1619 1353 ἐς
1662 1290 1947 1371 Αἴγυπτον

343 1372 574 1434 ἀπίκετο
611 1399 764 1450 παρα
790 1373 1062 1451 Ἄμασιν,
1095 1375 1189 1433 καὶ
1224 1374 1292 1450 δὴ
1325 1376 1418 1436 καὶ
1458 1381 1513 1440 ἐς
1552 1375 1753 1454 Σάρδις
1784 1375 1943 1454 παρὰ

345 1464 620 1538 Κροῖσον·
659 1459 988 1538 ἀπικόμενος
1011 1461 1072 1522 δὲ
1103 1461 1389 1534 ἐξεινίζετο
1416 1468 1475 1523 ἐν
1496 1465 1649 1524 τοῖσι
1671 1463 1943 1539 βασιληΐ-

342 1574 462 1609 οισι
477 1547 590 1610 υπὸ
606 1573 708 1610 του
680 1551 994 1626 Κροίσου·
1019 1573 1164 1627 μετα
1142 1549 1257 1620 δὲ,
1270 1548 1452 1630 ἡμέρῃ
1465 1551 1623 1629 τρίτῃ
1636 1548 1673 1626 ἦ
1688 1548 1941 1630 τετάρτῃ,

342 1637 710 1702 κελεύσαντος
740 1637 996 1714 Κροίσου
1025 1636 1127 1697 τόν
1157 1635 1391 1702 Σόλωνα
1426 1635 1755 1715 θεράποντες
1788 1663 1941 1715 περι-

341 1729 484 1807 ἣγον
517 1752 659 1787 κατα
687 1750 818 1789 τους
851 1723 1182 1802 θησαυρους,
1216 1725 1309 1785 καὶ
1340 1725 1727 1787 ἐπεδείκνυσαν
1759 1723 1943 1787 πάντα

343 1814 502 1875 ἐόντα
535 1812 762 1923 μεγάλα
792 1838 858 1874 τε
895 1812 990 1872 καὶ
1028 1811 1226 1890 ὄλβια·
1268 1813 1637 1924 θεησάμενον
1646 1812 1709 1873 δέ
1738 1839 1838 1891 μιν
1868 1840 1942 1873 τα

343 1899 524 1963 πάντα
546 1902 640 1961 καὶ
659 1899 1030 1979 σκεψάμενον,
1053 1899 1125 1964 ὥς
1150 1903 1205 1961 οἱ
1229 1926 1371 1961 κατα
1394 1926 1585 1979 καιρον
1598 1899 1637 1958 τ’
1621 1926 1687 1973 ν,
1708 1902 1885 1977 εἴρετο
1905 1900 1941 1959 ὅ

343 1992 592 2066 Κροῖσος
619 1987 770 2049 τάδε·
811 1986 996 2058 “ξεΐνε
1017 1987 1295 2065 Ἀθηναῖε,
1320 1987 1449 2066 παρ’
1472 1988 1649 2065 ἡμέας
1678 1987 1789 2069 γὰρ
1813 1988 1942 2064 περὶ

343 2077 446 2135 σέο
479 2075 652 2156 λόγος
689 2074 917 2135 οἷπῖκται
954 2074 1191 2146 πολλός,
1224 2077 1318 2135 καὶ
1356 2077 1567 2152 σοφίης
1607 2075 1809 2133 εἵνεκεν
1839 2078 1943 2148 τῆς

342 2167 452 2239 σῆς
478 2164 570 2223 καὶ
593 2162 826 2239 πλάνης,
849 2161 921 2227 ὥς
946 2162 1315 2238 φιλοσοφέων
1338 2166 1447 2243 γῆν
1470 2159 1695 2234 πολλὴν
1714 2161 1941 2236 θεωρίης
2000 2198 2007 2203 -

342 2251 545 2311 εἵνεκεν
587 2249 955 2326 ἐπελήλυθας·
1001 2252 1102 2309 νῦν
1146 2247 1221 2309 ὧν
1264 2249 1451 2326 ἵμερος
1488 2246 1811 2323 ἐπείρεσθαί
1840 2272 1942 2323 μοι

343 2340 569 2415 ἐπῆλθε,
591 2339 645 2398 εἶ
662 2363 789 2397 τινα
811 2336 918 2414 ἤδη
937 2335 1158 2397 πάντων
1184 2335 1321 2400 εἶδες
1345 2332 1694 2412 ὀλβιώτατον
1702 2333 1751 2405 ;”
1782 2333 1815 2395 ὅ
1839 2338 1944 2412 μὲν

343 2427 576 2497 ἐλπίζων
597 2424 737 2486 εἶναι
761 2422 1059 2502 ἀνθρώπων
1078 2422 1443 2501 ὀλβιώτατος,
1462 2427 1638 2483 ταῦτα
1658 2422 1943 2501 ἐπειρώτα·

341 2513 538 2579 Σόλων
559 2514 620 2573 δὲ
645 2512 802 2573 οἰδὲν
823 2510 1226 2575 ὑποθωπεύσας
1256 2510 1412 2571 οἷλλιιῖ1
1443 2516 1523 2590 τῷ
1554 2509 1699 2571 ἐόντι
1721 2512 1942 2590 χρησά-

341 2626 504 2677 μενος
540 2601 720 2682 λέγει·
761 2598 848 2658 ’ῑῶ
875 2600 1144 2676 βασιλεῦ,
1170 2599 1393 2659 Τέλλον
1422 2597 1767 2675 Ἀθηναῖον·”
1808 2598 1945 2660 α’πο-

341 2686 642 2765 θωυμάσας
659 2688 719 2747 δὲ
743 2690 994 2769 Κροῖσος
1017 2685 1083 2746 vd
1108 2686 1313 2766 λεχθὲν
1350 2686 1525 2763 εἴρετο
1551 2686 1945 2763 ἐπιστρεφέως·

341 2785 378 2812 “
383 2777 507 2855 κοίῃ
527 2775 596 2851 δὴ
616 2775 814 2852 κρίνεις
831 2774 1053 2835 Τέλλον
1072 2772 1211 2833 εἶναι
1230 2772 1645 2850 ὀλβιώτατον;”
1671 2772 1705 2835 6
1726 2773 1787 2833 δὲ
1806 2773 1946 2834 εἶπε·

339 2872 378 2899 “
384 2865 604 2942 Τέλλῳ,
639 2866 805 2923 τοῦτο
839 2863 959 2939 μὲν,
990 2864 1094 2936 τῆς
1128 2860 1328 2925 πόλιος
1363 2860 1423 2921 εὖ
1456 2859 1721 2937 ἡκούσης,
1754 2859 1947 2923 παῖδες

338 2950 490 3027 ἦσαν
530 2951 702 3010 καλοί
733 2974 798 3010 τε
836 2947 1088 3029 κάγαθοὶ,
1125 2949 1227 3008 καί
1260 2954 1374 3025 σφι
1414 2948 1523 3008 εἶδε
1561 2946 1743 3008 ἅπασι
1781 2946 1947 3007 τέκνα

341 3036 672 3119 ἐκγενόμενα
711 3038 804 3095 καὶ
834 3034 1018 3096 πάντα
1056 3036 1491 3114 παραμείναντα·
1529 3037 1696 3094 τοῦτο
1736 3033 1811 3104 δὲ,
1846 3038 1946 3095 τοῦ

340 3126 476 3201 βίου
513 3123 801 3199 εὗ’ἥκοντι
837 3122 909 3186 ὦς
942 3122 1016 3182 τὰ
1048 3122 1177 3199 παρ’
1210 3121 1363 3199 ἡμῖν,
1397 3120 1629 3194 τελευτὴ
1674 3124 1773 3180 τοῦ
1815 3122 1952 3197 βίου

341 3210 712 3290 λαμπροτάτη
753 3210 1060 3290 ἐπεγένετο·
1105 3209 1408 3289 γενομένης
1444 3206 1556 3285 ’γὰρ
1599 3206 1952 3283 Ἀθηναίοισι

344 3299 531 3378 μάχης
543 3296 686 3374 πρός
703 3295 832 3360 τοῦς
845 3295 1239 3375 ἀστυγείτονας
1258 3297 1317 3353 ἐν
1332 3290 1632 3363 Ἐλευσῖνι,
1652 3292 1952 3369 βοηθήσας
