2250 3500
292 131 579 196 146—148]
872 131 1325 181 ΜΕΛΠΟΜΕΝΗ.
1806 140 1898 186 339

290 211 537 274 ἐνδύντες
596 211 701 286 τήν
762 210 1087 292 γυναικηῗην
1166 211 1398 286 ἐσθῆτα,
1472 212 1571 274 ἅτε
1645 220 1900 296 γυναῖκες

290 299 523 378 ἐξῇἳσαν
562 299 681 369 ἔξω,
722 299 1058 380 ἐκφυγόντες
1098 298 1158 356 δὲ
1197 299 1386 380 τρόπῳ
1433 301 1662 382 τοιούτῳ
1711 304 1893 374 ἵζοντο

288 387 445 450 αὖτις
472 392 527 450 ἐς
550 387 617 446 τὰ
644 387 946 468 Τηΰγετον.

370 476 483 535 'rav
508 477 567 535 δὲ
594 475 763 536 αὐτὸν
786 477 1216 556 τοῦτον·χρόνον
1232 479 1420 554 Θήρας
1445 478 1477 538 ὅ
1503 478 1864 550 Αὐτεσίωνος,
1879 484 1992 546 147

287 567 392 623 τοῦ
436 568 776 640 Τισαμενοῦ,
813 568 915 624 τοῦ
956 564 1334 642 Θερσάνδρου,
1367 571 1468 626 τοῦ
1510 557 1897 637 Πολυνείκεος,

290 652 530 711 ἔστελλε
584 656 639 715 ἐς
692 651 953 727 ἀποικίην
1005 658 1065 711 ἐκ
1119 653 1551 730 Λακεδαίμονος.
1632 653 1704 730 ἦν
1755 655 1814 714 δὲ
1866 654 1900 714 ὁ

289 739 479 816 Θήρας
516 737 691 809 οὗτος,
718 740 879 818 γένος
918 741 1021 800 ἐῶν
1047 742 1346 817 Καδμεῖος,
1373 745 1475 818 τῆς
1499 741 1712 819 μητρός
1737 741 1896 802 ἀδελ-

290 826 431 901 φεὸς
454 831 607 886 τοῖσι
632 825 1047 904 Ἀριστοδήμου
1073 828 1258 898 παισὶ,
1276 829 1618 905 Εὐρυσθένεϊ
1638 830 1729 888 καὶ
1746 836 1896 906 Προ-

290 915 437 972 κλέῖ·
480 914 679 974 ἐόντων
710 914 755 974 δ’
785 916 865 974 ἔτι
895 920 1008 976 τῶν
1036 915 1248 975 παίδων
1283 915 1492 976 τούτων
1527 918 1753 993 νηπίων,
1783 921 1895 976 ἐπι-

288 1002 565 1078 τροπαίην
602 1002 719 1080 εἶχε
752 1002 785 1062 ὅ
826 1001 1015 1079 Θήρας
1048 1002 1152 1079 τὴν
1185 1008 1244 1063 ἐν
1286 1003 1521 1083 Σπάρτῃ
1561 1006 1895 1082 βασιληίην·

289 1089 633 1164 αὐξηθέντων
674 1089 733 1148 δὲ
772 1093 883 1150 τῶν
924 1090 1270 1168 ἀδελφιδέων
1312 1092 1403 1151 καὶ
1447 1092 1894 1170 παραλαβόντων

288 1176 393 1252 τὴν
427 1176 627 1255 ἀρχὴν,
657 1177 802 1237 οι”.’ντωΙ
828 1177 897 1252 δή
924 1177 956 1238 ὁ
994 1178 1185 1256 Θήρας
1221 1178 1400 1240 δεινόν
1435 1180 1764 1257 ποιεύμενος
1799 1179 1891 1257 ἅρ-

286 1266 497 1343 χεσθαι
526 1263 619 1324 ὕπ’
646 1264 839 1325 ἄλλων
868 1266 994 1325 ε’πεί
1022 1291 1085 1326 τε
1112 1266 1386 1344 ἐγεύσατο
1419 1266 1618 1344 ἀρχῆς,
1644 1266 1744 1326 οὐκ
1781 1269 1892 1343 ἔφη

287 1355 476 1428 μενεῖν
516 1358 573 1412 ἐν
612 1356 685 1431 τῇ
724 1353 1117 1428 Λακεδαίμονι,
1161 1351 1292 1410 ἀλλ’
1337 1352 1808 1413 ἀποπλεύσεσθαι
1841 1360 1895 1416 ἐς

286 1438 420 1502 τούς
446 1441 769 1520 συγγενέας.
839 1439 989 1516 ἦσαν
1016 1440 1077 1499 δὲ
1102 1445 1161 1499 ἐν
1185 1443 1258 1518 τῇ
1285 1444 1384 1500 νῦν
1399 1440 1558 1519 Θήρῃ
1585 1441 1894 1519 καλεομένῃ

286 1526 443 1606 νήσῳ
478 1526 753 1604 πρότερον
786 1528 845 1587 δὲ
881 1528 1190 1605 Καλλίστῃ
1229 1531 1304 1606 τῇ
1343 1527 1486 1605 αὐτῇ
1524 1527 1716 1605 ταύτῃ,
1757 1526 1892 1588 οἷπό-

285 1639 447 1694 γονοι
486 1614 875 1692 Μεμβλιάρεω
914 1619 1015 1676 τοῦ
1058 1616 1342 1674 Ποικίλεω
1383 1615 1580 1691 ἀνδρὸς
1621 1616 1889 1678 Φοίνικος.

288 1701 523 1777 Κάδμος
557 1705 667 1783 γσῖρ
708 1705 742 1762 ὁ
773 1701 1078 1785 Ἀγήνορος
1103 1701 1379 1781 Εὐρώπην
1405 1702 1690 1779 διζήμενος
1714 1727 1892 1779 προσ-

288 1791 426 1869 έσχε
466 1796 519 1854 ἐς
555 1789 661 1867 τὴν
690 1796 789 1851 νῦν
828 1792 1017 1868 Θήρην
1064 1794 1427 1869 καλεομένην
1479 1791 1792 1871 προσχόντι
1833 1791 1892 1851 δὲ

287 1879 399 1937 εἴτε
435 1878 505 1955 δή
537 1882 592 1938 οἱ
630 1879 668 1955 ἦ
708 1878 862 1958 χώρη
904 1879 1075 1956 ἤρεσε
1118 1880 1229 1939 εἴτε
1273 1881 1366 1939 καὶ
1411 1879 1600 1943 ἄλλως
1640 1880 1896 1956 ἠθέλησε

285 1970 525 2042 ποιῆσαι
564 1971 751 2027 τοῦτο·
799 1967 1122 2026 καταλείπει
1157 1965 1268 2046 γὰρ
1311 1971 1370 2025 ἐν
1407 1970 1480 2043 τῇ
1521 1964 1673 2044 νήσῳ
1715 1966 1890 2045 ταύτῃ

284 2054 500 2119 ἅλλους
524 2080 585 2114 τε
611 2058 723 2115 τῶν
748 2058 1017 2114 Φοινίκων
1042 2054 1136 2111 καὶ
1167 2053 1236 2128 δή
1274 2053 1366 2111 καὶ
1389 2057 1499 2113 τῶν
1525 2056 1726 2111 ἑωυτοῦ
1753 2078 1888 2133 συγ-

282 2142 487 2223 γενέων
514 2143 911 2219 Μεμβλίαρον·
955 2139 1109 2201 οὗτοι
1136 2141 1396 2217 ἐνέμοντο
1421 2137 1526 2213 τήν
1552 2140 1890 2213 Καλλίστην

285 2230 632 2306 καλεομένην
685 2229 777 2287 ἐπὶ
820 2228 1029 2307 γενεοῖς,
1081 2227 1213 2303 πρὶν
1257 2225 1296 2303 ἦ
1346 2226 1536 2302 Θήραν
1589 2225 1775 2285 ἐλθεῖν
1829 2230 1889 2283 ἐκ

282 2316 717 2392 Λακεδαίμονος,
742 2314 887 2375 ὄκτῶ
913 2312 1144 2391 ἀνδρῶν.
1210 2313 1342 2373 Ἐπὶ
1364 2312 1593 2376 τούτους
1619 2311 1687 2389 δή
1718 2310 1792 2372 ὦν
1817 2311 1849 2371 ὁ
1871 2314 1984 2373 148

282 2404 491 2480 Θήρας,
522 2404 665 2465 λαόν
701 2403 841 2482 ἔχων
870 2401 983 2461 ‹in-<3
1019 2407 1129 2462 τῶν
1161 2404 1402 2478 φυλέων,
1431 2402 1668 2461 ἔστελλε
1703 2426 1887 2461 συνοι-

282 2491 477 2567 κήσων
510 2490 778 2561 τούτοισι,
812 2490 905 2549 καὶ
946 2489 1202 2567 οὐδαμῶς
1241 2489 1448 2558 ἐξελῶν
1490 2488 1687 2552 αὐτοῦς
1731 2486 1886 2549 ἀλλὰ

284 2578 463 2654 κοίρτα
510 2576 933 2655 οἲκηῖεύμενος..
972 2580 1095 2637 ε’πεί
1133 2602 1197 2637 τε
1237 2576 1297 2637 δὲ
1337 2577 1429 2636 καὶ
1469 2580 1524 2637 οἶ
1557 2576 1768 2636 Μινύαι
1807 2581 1889 2635 ε’κ-

282 2666 511 2744 δράντες
537 2670 598 2726 ἐκ
621 2670 723 2741 τῆς
749 2668 943 2743 ἑρκτῆς
970 2666 1152 2736 ἵζοντο
1180 2670 1236 2729 ἐς
1251 2665 1318 2725 τὰ
1340 2664 1636 2745 Τηΰγετον,
1649 2668 1760 2723 τῶν
1774 2669 1887 2721 Λα-

282 2752 643 2831 κεδαιμονίων
670 2755 1095 2831 βουλευομένων
1120 2756 1306 2830 σφέας
1331 2751 1664 2820 ἀπολλύναι,
1691 2776 1888 2827 παραι-

280 2841 467 2901 τέεται
506 2839 539 2901 ὅ
576 2840 765 2916 Θήρας
802 2839 939 2904 ὅκως
973 2840 1118 2916 μήτε
1149 2837 1324 2915 φόνος
1348 2837 1594 2917 γένηται,
1623 2836 1789 2900 αὐτός
1827 2859 1890 2897 τε

278 2927 580 2987 ὖπεδέκετό
618 2934 805 3003 σφεας
844 2927 1057 2997 ἐξάξειν
1097 2931 1160 2985 ἐκ
1199 2928 1301 3000 τῆς
1341 2923 1544 3003 χώρης·
1599 2950 1888 3006 συγχωρη-

282 3014 506 3075 σάντων
531 3015 591 3074 δὲ
616 3018 688 3093 τῇ
712 3015 905 3095 γνώμῃ
931 3018 1043 3075 τῶν
1065 3012 1534 3089 Λακεδαιμονίων,
1561 3013 1716 3090 τρισὶ
1739 3037 1890 3089 τριη-

282 3103 602 3180 κοντέροισι
638 3106 694 3165 ἐς
727 3101 855 3165 τοῦς
886 3099 1278 3179 Μεμβλιάρεω
1307 3098 1618 3181 ἀπογόνους
1645 3101 1883 3171 ἔπλωσε,

284 3189 409 3253 οὔτι
441 3190 673 3253 πάντας,
693 3189 842 3271 ἄγων
872 3189 1002 3255 τοῦς
1040 3188 1275 3259 Μινύας,
1303 3188 1434 3249 ἀλλ’
1463 3187 1692 3271 ὀλίγους
1715 3187 1888 3253 τινάς·

282 3280 341 3337 οἱ
364 3278 477 3359 γὰρ
503 3281 737 3339 πλεῦνες
764 3276 945 3337 αὐτῶν
960 3276 1268 3355 ἐτράποντο
1295 3282 1348 3339 ἐς
1366 3275 1498 3339 τούς
1516 3276 1890 3355 Παρωρεάτας
