2250 3500
331 150 619 215 101—106]
1027 151 1255 204 mmm.
1874 155 1939 202 5³

329 231 548 306 ἐπῆλθε
568 229 824 294 Σκυθέων
847 230 1090 308 στρατός
1113 232 1309 312 μέγας·
1336 229 1439 314 ὅγε
1465 231 1525 292 δὲ
1544 229 1743 296 αύτοῧς
1754 233 1935 308 βασι-

329 317 464 381 λεῦς
501 318 535 378 ό
577 318 832 382 Σκυθέων
869 319 1122 396 Μαδύης,
1154 319 1499 396 Πρωτοθύεω
1538 323 1689 385 παῖς·
1730 319 1785 380 οἳ
1811 321 1931 380 ἐσέ-

327 407 521 482 βαλον
551 408 657 482 μὲν
691 411 746 468 ἐς
775 405 881 482 τὴν
909 406 1112 482 Ἀσίην
1139 407 1481 484 Κιμμερίους
1506 407 1845 483 ἐκβαλόντες
1877 412 1939 467 ἐκ

330 498 433 570 τῆς
455 492 744 571 Εύρῶπης,
771 491 1024 553 τούτοισι
1051 493 1111 552 δὲ
1144 492 1515 571 ἐπισπόμενοι
1548 495 1825 575 φεύγουσι
1850 495 1939 556 οὖ-

329 605 408 640 τω
435 585 490 644 ἐς
513 581 622 657 τήν
647 581 910 658 Μηδικὴν
933 581 1122 660 χώρην
1148 580 1434 642 ἀπίκοντο.
1475 581 1671 663 (Ἐστι
1696 583 1757 643 δὲ
1782 583 1895 644 ἆπό
1916 585 2033 644 104

327 672 432 743 τῆς
458 670 661 746 λίμνης
685 674 786 745 τῆς
811 669 1120 745 Μαιήτιδος
1148 669 1241 728 ἐπὶ
1271 673 1455 730 Φᾶσιν
1479 669 1735 747 ποταμόν
1768 672 1859 730 καὶ
1886 677 1940 735 ἐς

331 755 602 834 Κόλχους
623 756 924 835 τριήκοντα
953 756 1205 834 ἡμερέων
1232 755 1441 837 εὐζώνῳ
1477 755 1623 822 ὁδός·
1666 762 1727 817 ἐκ
1752 757 1813 818 δὲ
1836 763 1937 834 τῆς

331 843 643 922 Κολχιδος
661 844 726 904 ού
771 843 998 905 πολλὰν
1041 843 1359 922 ὑπερβῆναι
1408 849 1465 910 ἐς
1507 844 1614 921 τήν
1660 845 1937 922 Μηδικήν,

331 928 486 990 ἀλλά
519 932 578 992 ἓν
607 958 676 992 το
711 931 804 991 δια
835 932 1018 1009 μέσου
1051 933 1207 996 ἔθνος
1232 931 1413 992 αὐτῶν
1438 934 1579 1002 ἐστὶ,
1608 932 1937 1012 Σάσπειρες·

327 1021 496 1080 τοῦτο
527 1019 588 1079 δὲ
617 1019 1167 1098 παραμειβομένοισι
1198 1019 1395 1079 εἶναι’
1368 1045 1429 1080 εν
1456 1024 1531 1098 τῇ
1556 1021 1803 1100 Μηδικῇ.
1871 1020 1937 1082 οὔ

328 1106 520 1182 μέντοι
545 1107 606 1166 οἶ
617 1133 687 1188 γε
711 1107 926 1174 Σκύθαι
948 1105 1124 1185 ταύτῃ
1150 1106 1453 1182 ἐσέβαλον,
1471 1106 1627 1168 α’λλα
1648 1109 1753 1185 τήν
1776 1107 1937 1170 κατύ-

329 1196 500 1271 περθε
523 1194 657 1256 ὁδὸν
681 1198 880 1274 πολλῷ
897 1196 1245 1273 μακροτέρην
1265 1195 1683 1273 ἐκτραπόμενοι,
1703 1201 1761 1256 ἐν
1783 1197 1937 1276 δεξιῇ

329 1281 550 1360 ἔχοντες
571 1283 640 1343 τό
665 1282 996 1343 Καυκάσιον
1019 1282 1194 1362 ὅρος.)
1276 1284 1513 1344 ἐνθαῦτα
1538 1287 1593 1343 οἱ
1617 1286 1722 1361 μὲν
1746 1284 1937 1359 Μῆδοι

329 1369 728 1444 συμβαλόντες
748 1372 904 1430 τοῖσι
928 1369 1185 1448 Σκύθῃσι
1210 1370 1303 1429 καὶ
1324 1370 1661 1433 ἑσσωθέντες
1678 1375 1753 1450 τῇ
1774 1371 1933 1449 μάχῃ

328 1459 434 1531 τῆς
478 1454 658 1534 α’ρχῆς
698 1457 1102 1534 κατελύθησαν,
1119 1509 1129 1520 .
1145 1460 1201 1518 οἱ
1239 1457 1301 1517 δὲ
1340 1456 1555 1521 Σκύθαι
1597 1457 1702 1532 τήν
1738 1456 1941 1534 Ἀσίην

327 1547 526 1604 πᾶσαν
552 1545 814 1624 ἐπέσχον.
880 1544 1173 1606 Ἐνθεΰτεν
1198 1542 1323 1604 δε”
1284 1553 1457 1621 ηἳσαν
1484 1543 1569 1603 ἐπ’
1588 1545 1892 1625 Αἴγυπτον·
1916 1549 2031 1606 105

329 1631 424 1690 και
459 1633 587 1692 ἐπεί
610 1657 674 1692 τε
707 1633 960 1713 ἐγένοντο
997 1637 1058 1693 ἐν
1079 1637 1156 1712 τῇ
1192 1631 1555 1712 Παλαιστίνῃ
1582 1633 1755 1712 Συρίῃ
1780 1639 1937 1711 Ψαμ-

326 1719 549 1800 μίτιχός
573 1724 758 1796 σφεας
785 1719 1072 1803 Αιγύπτου
1096 1720 1379 1798 βασιλεῦς
1412 1719 1681 1785 ἀντιάσας
1712 1719 1945 1800 δώροισί

326 1832 392 1867 τε
407 1834 500 1868 και
479 1807 766 1888 Rufio-10⁹
729 1809 1032 1887 αποτρέπει
1042 1835 1110 1871 το
1128 1810 1463 1888 προσωτέρω
1480 1836 1561 1887 μη
1543 1810 1937 1887 πορεύεσθαι·

328 1897 384 1954 οἶ
416 1896 478 1955 δὲ
509 1897 636 1956 ἐπεί
660 1921 725 1957 τε
757 1895 1163 1976 ἀναχωρέοντες
1194 1897 1378 1958 ὀπίσω
1410 1900 1665 1978 ἐγένοντο
1694 1902 1797 1973 τῆς
1832 1900 1939 1963 Συ-

326 1983 451 2060 ρίης
508 1988 568 2043 ἐν
620 1981 943 2045 Ἀσκάλωνι
992 1983 1151 2056 πόλι,
1202 1990 1315 2046 τῶν
1370 1984 1623 2046 πλεόνων
1682 1985 1939 2048 Σκυθέων

328 2070 784 2147 παρεξελθόντων
817 2070 1068 2143 ἀσινέων,
1096 2071 1285 2153 ὀλίγοι
1317 2073 1462 2134 τινὲς
1496 2070 1681 2129 αὐτῶν
1714 2070 1939 2131 ὑπολει-

329 2158 566 2231 φθέντες
590 2157 882 2235 ἐσύλησαν
903 2163 1006 2233 τῆς
1034 2156 1313 2235 Οὐρανίης
1342 2156 1679 2233 Ἀφροδίτης
1702 2156 1769 2216 τὸ
1799 2156 1936 2234 ἱρόν.

330 2245 456 2305 ἔστι
479 2245 540 2305 δὲ
561 2249 730 2306 τοῦτο
754 2245 822 2306 τὰ
843 2244 978 2324 ἶρόν,
1007 2244 1079 2309 ὦς
1107 2244 1217 2327 ἐγὼ
1241 2242 1653 2320 πυνθανόμενος
1680 2242 1933 2320 εὗρίσκω,

329 2331 552 2393 πάντων
575 2332 948 2411 ἀρχαιότατον
973 2336 1104 2410 ἱρῶν
1138 2331 1253 2392 ὅσα
1280 2329 1487 2407 ταύτης
1518 2334 1621 2405 τῆς
1655 2331 1803 2392 θεοῦ·
1845 2334 1939 2393 καὶ

328 2418 442 2499 γὰρ
481 2419 548 2481 τό
589 2426 648 2480 ἐν
688 2420 900 2501 Κύπρῳ
939 2420 1060 2498 ἶρόν
1099 2422 1350 2482 ἐνθεῦτεν
1390 2420 1625 2501 ἐγένετο,
1670 2419 1741 2484 ὥς
1780 2420 1938 2482 αὐτοὶ

331 2508 568 2587 λέγουσι
593 2508 858 2585 Κύπριοι·
901 2510 994 2567 καὶ
1019 2507 1086 2569 τὰ
1119 2513 1179 2569 ἐν
1206 2507 1525 2585 Κυθήροισι
1550 2510 1799 2573 Φοίνικές
1826 2515 1938 2571 εἶσι

331 2597 388 2654 οἱ
415 2594 788 2673 ἱδρυσάμενοι,
816 2600 878 2655 ἐκ
908 2594 1112 2672 ταύτης
1142 2600 1245 2672 τῆς
1282 2596 1485 2673 Συρίης
1518 2596 1718 2661 ἐόντες.
1784 2602 1937 2658 τοῖσι

331 2680 394 2741 δὲ
422 2686 534 2742 τῶν
559 2683 815 2747 Σκυθέων
840 2681 1140 2758 συλήσασι
1172 2682 1239 2743 τό
1274 2683 1395 2760 ἶρόν
1418 2682 1485 2743 τό
1514 2688 1573 2743 ἐν
1596 2684 1932 2755 Ἀσκάλωνι,

333 2770 426 2829 καὶ
468 2772 624 2830 τοῖσι
664 2768 873 2830 τούτων
918 2770 1026 2829 αἰεὶ
1072 2769 1370 2850 ἐκγόνοισι,
1412 2770 1685 2848 ἐνέσκηψε
1726 2770 1765 2844 ἦ
1813 2771 1939 2834 θεὰς

332 2856 566 2931 θήλειαν
591 2862 818 2919 νοῦσον·
861 2855 1008 2917 ὥστε
1033 2855 1155 2934 ἅμα
1178 2857 1421 2937 λέγουσί
1440 2882 1504 2916 τε
1530 2860 1583 2917 οἶ
1610 2856 1823 2921 Σκύθαι
1846 2858 1939 2917 διὰ

330 2942 501 3003 τοῦτό
540 2950 726 3021 σφεας
763 2944 996 3015 νοσέειν,
1038 2945 1133 3003 καὶ
1170 2944 1309 3021 ὁρᾶν
1346 2943 1478 3021 παρ’
1518 2947 1773 3003 ἑωυτοῖσι
1792 2944 1939 3008 ,τούς

332 3030 762 3109 ἀπικνεομένους
791 3036 849 3095 ἐς
884 3030 988 3107 τήν
1018 3032 1299 3107 Σκυθικὴν
1327 3030 1515 3109 χώρην
1548 3029 1619 3093 ὥς
1658 3031 1939 3091 διακέαται

332 3118 464 3182 τοῦς
499 3118 770 3178 καλέουσι
801 3118 1066 3196 Ἐναρέας
1102 3122 1159 3177 οἶ
1194 3118 1425 3183 Σκύθαι.
1494 3116 1627 3176 Ἐπὶ
1658 3119 1764 3194 μέν
1799 3144 1895 3179 νυν
1915 3120 2031 3178 106

335 3204 480 3266 ὄκτώ
506 3207 600 3265 καὶ
625 3206 806 3265 εἴκοσι
831 3206 956 3266 ἔτεα
977 3204 1157 3284 ἦρχον
1173 3209 1275 3280 τῆς
1297 3203 1496 3277 Ἀσίης
1522 3207 1577 3263 οἶ
1596 3204 1825 3278 Σκύθαι,
1846 3206 1940 3265 καὶ

334 3292 410 3354 τὰ
434 3291 620 3353 πάντα
644 3297 760 3368 σφι
781 3290 890 3352 ύπό
914 3316 978 3352 τε
1001 3291 1201 3368 ὕβριος
1226 3291 1321 3351 καὶ
1337 3288 1632 3370 ὀλιγωρίης
1651 3290 1941 3355 ἀνάστατα
