2250 3500
303 148 378 194 24¹
923 147 1289 196 ἙΡΟΔΟἮΟΤ
1830 145 1905 210 [1.

301 228 482 286 ταῦτα
517 222 858 302 ἐπειρώτεον.
938 228 1049 284 τῶν
1080 224 1142 284 δὲ
1174 224 1451 301 ’μαντηίων
1486 223 1819 300 ἀμφοτέρων
1854 229 1910 289 ἐς

302 309 481 371 τοῖυτὸ
514 315 573 370 αἱ
602 314 820 392 γνῶμαι
851 312 1215 388 συνέδραμον,
1242 309 1626 392 προλέγουσαι
1658 312 1906 391 Κροίσῳ,

302 397 372 475 ἢν
418 397 785 476 στρατεύηται
836 400 928 460 ἐπὶ
979 400 1227 476 Πέρσας,
1273 399 1527 480 μεγάλην
1580 398 1761 478 ἀρχήν
1808 425 1908 476 μιν

305 490 637 547 καταλῦσαι.
717 486 848 551 τούς
887 488 949 547 δὲ
981 487 1272 563 Ἑλλήνων
1308 485 1715 550 δυνατωτάτους
1748 513 1906 548 συνε-

300 574 580 650 βούλευόν
605 578 660 635 οἱ
687 575 976 653 ἐξευρόντα
1004 576 1209 653 φίλους
1234 575 1608 652 προσθέσθαι.

205 664 285 720 54
381 663 546 722 Ἐπεί
565 689 628 724 τε
653 663 712 723 δὲ
744 663 1129 742 ἀνενειχθέντα
1160 661 1233 723 τοὶ
1262 661 1573 738 θεοπρόπια
1603 660 1837 722 ἐπύθετο
1870 662 1904 722 ὁ

302 755 568 828 Κροῖσος,
587 751 884 828 ὕπερήσθη
908 775 972 811 τε
995 755 1149 810 τοῖσι
1175 750 1591 828 χρηστηρίοισι·
1623 747 1817 830 πάγχυ
1839 776 1903 810 τε

301 839 541 902 ἐλπίσας
578 837 916 898 καταλύσειν
949 837 1054 912 τὴν
1091 837 1283 914 Κύρου
1317 837 1647 914 βασιληίην,
1676 838 1903 915 πέμψας

301 925 453 989 αὖτις
483 930 538 989 ἐς
570 925 744 986 Πυθώ
779 924 1043 1001 Δελφοῦς
1077 925 1350 1003 δωρέεται,
1382 925 1691 1002 πυθόμενος
1723 924 1900 984 αὐτῶν

296 1012 363 1071 τὰ
383 1016 616 1088 πλῆθος,
639 1010 758 1073 κατ’
779 1011 952 1090 ἄνδρα
971 1011 1070 1072 δύο
1089 1016 1372 1090 στατῆρσι
1398 1013 1636 1072 ἕκαστον
1661 1017 1895 1090 χρυσοῦ·

301 1101 525 1177 Δελφοὶ
551 1100 611 1159 δὲ
642 1098 766 1160 α’ντὶ
796 1099 1005 1160 τούτων
1040 1099 1241 1159 ἔδοσαν
1273 1099 1505 1178 Κροίσῳ
1536 1099 1629 1158 καὶ
1660 1098 1898 1158 Λυδοῖσι

301 1188 683 1265 προμαντηίην
708 1186 802 1246 καὶ
826 1186 1080 1262 ἀτελείην
1112 1187 1205 1246 καὶ
1234 1187 1546 1264 προεδρίην,
1574 1185 1668 1246 καὶ
1700 1185 1899 1255 ἐξεῖναι

295 1278 375 1352 τῷ
406 1275 736 1353 βουλομένῳ
772 1273 951 1335 αὐτῶν
985 1274 1252 1356 γενέσθαι
1294 1273 1530 1349 Δελφόν
1573 1277 1629 1338 ἐς
1668 1273 1769 1334 τᾶν
1810 1273 1897 1334 ἀεὶ

199 1361 278 1420 55
295 1360 517 1440 χρόνον.
599 1361 1012 1439 Δωρησόμενος
1037 1363 1098 1422 δὲ
1121 1360 1251 1424 τούς
1276 1361 1542 1437 Δελφοῦς
1567 1359 1599 1421 ὁ
1627 1364 1893 1438 Κροῖσος,

261 1459 268 1465 ”
296 1449 761 1528 ἐχρηστηριάζετο
785 1449 854 1511 τὰ
876 1450 1083 1526 τρίτον.
1152 1451 1278 1510 ἐπεί
1294 1474 1357 1510 τε
1379 1448 1489 1530 γσῖρ
1512 1447 1579 1525 δή
1599 1449 1895 1527 παρέλαβε

293 1541 393 1596 τοῦ
417 1538 684 1614 μαντηίου
709 1537 1000 1613 ἅληθηῒην,
1023 1537 1347 1614 ἐνεφορέετο
1372 1535 1561 1596 αὐτοῦ.
1628 1536 1895 1614 ἐπειρώτα

294 1624 356 1684 δὲ
377 1624 511 1685 τάδε
533 1624 1094 1704 χρηστηριαζόμενος,
1117 1625 1170 1684 εἶ
1194 1628 1247 1685 οἱ
1272 1623 1645 1704 πολυχρόνιος
1670 1624 1831 1686 ἔσται
1852 1623 1892 1702 ἦ

293 1713 623 1793 μουναρχίη.
701 1712 741 1788 ἦ
768 1713 828 1773 δὲ
854 1713 1040 1787 Πυθίη
1067 1715 1121 1772 οἱ
1146 1715 1262 1792 χρᾷ
1285 1711 1435 1773 τάδε·

382 1825 527 1874 Ἀλλ’
564 1821 636 1874 ὅτ’
667 1822 729 1874 ἄν
761 1825 949 1884 ἡμίονος
981 1826 1213 1888 βασιλεὺς
1245 1826 1455 1885 Μήδοισι
1489 1826 1707 1889 γένηται,

389 1898 470 1946 καὶ
501 1897 628 1958 τότε,
663 1898 790 1947 Λυδὲ
823 1899 1052 1961 ποδαβρὲ,
1083 1898 1406 1959 πολυψήφιδα
1442 1898 1552 1961 παρ’
1580 1901 1761 1962 Ἕρμον

390 1970 598 2031 φεύγειν,
634 1970 757 2029 μηδὲ
788 1970 958 2029 μένειν,
993 1969 1104 2029 μήδ’
1134 1970 1369 2018 αἰδεῖσθαι
1402 1972 1545 2019 κακὸς
1578 1972 1710 2020 εἶναι.

193 2062 272 2123 56
290 2061 553 2124 Τούτοισι
583 2064 815 2125 ἐλθοῦσι
844 2068 999 2125 τοῖσι
1031 2066 1191 2125 ἔπεσι
1223 2064 1257 2125 ὁ
1291 2068 1544 2144 Κροῖσος
1578 2064 1800 2127 πολλόν
1832 2090 1889 2125 τι

287 2150 544 2229 μάλιστα
567 2152 788 2214 πάντων
810 2152 981 2230 ἥσθη,
1011 2154 1249 2226 ἐλπίζων
1272 2152 1507 2230 ἡμίονον
1532 2152 1746 2231 οὐδαμοὶ
1772 2152 1889 2214 ἀντ’

292 2238 490 2319 οἷνδρός
521 2242 894 2317 βασιλεύσειν
927 2242 1158 2319 Μήδων·
1200 2240 1315 2301 οὐδ’
1348 2241 1424 2301 ὧν
1457 2240 1640 2311 αὖτός,
1678 2241 1803 2301 οὐδὲ
1834 2244 1889 2302 οἳ
1916 2236 1924 2243 ”

293 2327 356 2395 ἐξ
376 2328 561 2396 αὐτοῦ,
581 2328 909 2388 παύσεσθαί
930 2354 1057 2388 κοτε
1079 2332 1183 2405 τῆς
1206 2326 1404 2405 ἀρχῆς.
1468 2327 1612 2403 μετὰ
1636 2327 1889 2388 δὲταῦτα

289 2413 576 2491 ἐφρόντιζε
601 2415 879 2490 ἱστορέων,
905 2414 1036 2477 τοῦς
1059 2412 1130 2475 ἂν
1158 2412 1448 2489 Ἑλλήνων
1482 2412 1888 2479 δυνατωτάτους

289 2500 480 2564 ἐόντας
507 2499 930 2577 προσκτήσαιτο
962 2501 1186 2577 φίλους.
1268 2501 1537 2577 ἱστορέων
1570 2501 1631 2561 δὲ
1666 2500 1887 2577 εὕρισκε

287 2587 754 2667 Λακεδαιμονίους
778 2589 871 2649 καὶ
890 2587 1220 2665 Ἀθηναίους
1244 2589 1603 2667 προέχοντας,
1628 2587 1759 2651 τοῦς
1782 2591 1885 2665 μὲν

286 2678 388 2735 τοῦ
424 2683 673 2753 Δωρικοῦ
711 2681 916 2759 γένεος,
947 2675 1079 2739 τούς
1119 2676 1181 2737 δὲ
1220 2680 1321 2737 τοῦ
1364 2675 1629 2737 Ἰωνικοῦ.
1708 2680 1886 2737 ταῦτα

283 2762 395 2845 γσῖρ
431 2762 503 2840 ἦν
535 2764 606 2824 τὰ
640 2764 1042 2842 προκεκριμένα
1080 2763 1149 2825 τὰ
1192 2764 1443 2845 ἀρχαῖον,
1471 2764 1635 2827 ἐόντα
1672 2763 1740 2826 τό
1780 2767 1886 2841 μὲν

293 2850 656 2933 Πελασγικὸν
705 2852 772 2912 τὰ
820 2852 880 2911 δὲ
923 2851 1260 2928 Ἑλληνικὸν
1307 2853 1480 2917 ἔθνος·
1532 2852 1626 2912 καὶ
1668 2851 1736 2913 τό
1780 2854 1887 2929 μὲν

290 2933 501 3017 οὐδαμῆ
537 2967 614 3000 κω
650 2940 962 3019 ἐξεχώρησε
1000 2938 1068 3001 τὰ
1111 2940 1174 3000 δὲ
1210 2939 1648 3017 πολυπλάνητον
1689 2939 1885 3019 κάρτα·

290 3028 380 3086 ἐπὶ
412 3031 518 3104 μὲν
549 3028 660 3109 γὰρ
695 3029 1076 3091 Δευκαλίωνος
1114 3028 1405 3105 βασιλῆος
1444 3028 1590 3089 οἴκεε
1630 3032 1743 3111 γῆν
1780 3028 1887 3104 τήν

286 3115 540 3174 Φθιωτιν·
582 3118 674 3175 ἐπὶ
708 3116 769 3176 δὲ
805 3114 1004 3193 Δωρου
1033 3118 1137 3174 τοῦ
1161 3114 1461 3193 Ἕλληνος,
1491 3116 1599 3194 τὴν
1630 3115 1745 3177 ὖπο
1778 3114 1886 3190 τὴν

275 3198 508 3259 Ὄσσαν
529 3227 592 3261 τε
617 3204 710 3263 καὶ
740 3202 840 3263 τὸν
877 3200 1189 3278 Ουλυμπον
1216 3202 1421 3282 χώρην,
1450 3204 1811 3295 καλεομένην
1824 3201 1885 3261 δὲ

282 3284 629 3349 Ιστιαιιῖντιν·
669 3295 731 3349 ἐκ
757 3290 816 3349 δὲ
837 3293 940 3367 τῆς
961 3288 1352 3351 Ἱστιαιώτιδος
1378 3314 1449 3351 ως
1491 3288 1761 3358 ἐξανέστη
1779 3302 1887 3335 ¹²⁷¹'0
