2250 3500
350 112 444 159 208
946 112 1316 161 ἭΡοΔοΤοτ
1817 110 1954 177 [111.

352 188 444 245 καὶ
496 186 585 246 διαὶ
628 190 805 247 ταῦτα
844 188 1220 267 ταριχεύουσι,
1278 188 1368 248 ἵνα
1412 189 1493 265 μὴ
1547 191 1795 265 κείμενος
1840 189 1956 251 ὖπό

352 274 555 333 εὐλέων
597 276 952 353 καταβρωθῇ.
1036 274 1179 335 οὕτω
1233 275 1301 351 δὴ
1344 275 1685 353 οὐδετέροισι
1739 278 1959 354 νομιζό-

349 387 491 438 μενα
538 360 859 421 ἐνετέλλετο
900 362 1109 422 ποιέειν
1149 362 1181 421 ὁ
1223 363 1568 440 Καμβύσης.
1652 363 1724 427 ὦς
1762 364 1959 441 μέντοι

351 448 647 529 Αἰγύπτιοι
686 448 940 530 λέγουσι,
970 448 1069 509 οῦκ
1101 448 1351 526 Ἀμασις
1384 449 1454 525 ἦν
1495 450 1527 509 ὁ
1561 455 1738 511 ταῦτα
1762 452 1958 512 παθὼν

350 535 507 597 ἀλλὰ
548 536 727 601 ἄλλος
777 542 889 597 τῶν
932 563 1017 601 τις
1050 536 1382 617 Αἰγυπτίων,
1429 538 1571 616 ἔχων
1616 537 1722 614 τήν
1777 538 1954 615 αὐτὴν

352 624 576 702 ἡλικίην
627 624 858 701 Ἀμάσι·
940 623 985 704 ᾧ
1022 624 1420 701 λυμαινόμενοι
1468 623 1694 701 Πέρσαι
1735 625 1958 687 ἐδόκεον

344 712 597 789 Ἀμασιν
623 713 1011 788 λυμαίνεσθαι·
1042 714 1280 793 λέγουσι
1305 712 1433 792 γὰρ,
1458 711 1528 775 ὦς
1554 711 1866 790 πυθόμενος
1893 718 1956 773 ἐκ

352 801 622 877 μαντηίου
657 799 689 859 ὁ
717 797 967 876 Ἀμασις
1000 799 1071 859 ταῖ
1106 801 1234 877 περὶ
1273 798 1470 859 ἔωυτόν
1504 801 1713 875 μέλλοι
1744 799 1955 861 οἶποθα-

355 888 521 948 νόντα
555 888 828 967 γίνεσθαι,
856 887 997 946 οὕτω
1032 886 1101 963 δή
1129 886 1423 963 ἀκεόμενος
1461 888 1534 946 τσῖ
1561 887 1952 964 ἐπιφερόμενα,

352 975 451 1034 τόν
488 977 592 1050 μὲν
634 974 928 1050 ἄνθρωπον
972 978 1172 1033 τοῦτον
1210 974 1310 1033 τᾶν
1354 976 1780 1055 μαστιγωθέντα
1818 974 1954 1035 οἷπο-

354 1060 595 1122 θανόντα
641 1061 814 1139 ἔθαψε
868 1062 959 1120 ἐπὶ
997 1064 1135 1139 τῇσι
1176 1060 1381 1138 θύρῃσι
1421 1060 1576 1124 ε’ντός
1612 1066 1713 1138 τῆς
1753 1066 1955 1123 ἑωυτοῦ

356 1148 542 1225 θήκης,
585 1148 785 1209 ε’ωυτόν
818 1149 879 1208 δὲ
912 1150 1224 1210 ἐνετείλατο
1254 1154 1332 1227 τῷ
1363 1150 1520 1208 παιδὶ
1561 1155 1620 1210 ἐν
1657 1155 1818 1230 μυχῷ
1853 1156 1956 1227 τῆς

355 1236 527 1313 θήκης
584 1236 657 1300 ὥς
713 1236 971 1312 μάλιστα
1028 1237 1221 1296 θεῖναι.
1304 1239 1363 1295 αἱ
1419 1238 1524 1313 μέν
1581 1263 1680 1298 νυν
1736 1243 1797 1297 ἐκ
1852 1244 1954 1298 τοῦ

352 1324 627 1402 Ἀμάσιος
654 1325 879 1385 ἐντολαὶ
918 1322 1097 1395 αὗται,
1127 1327 1186 1383 αἱ
1221 1328 1276 1387 ἐς
1305 1323 1410 1399 τήν
1433 1324 1624 1400 ταφήν
1647 1350 1710 1384 τε
1735 1326 1830 1386 καὶ
1851 1324 1956 1386 τᾶν

355 1412 643 1490 ἄνθρωπον
676 1415 923 1491 ἔχουσαι,
952 1412 1017 1472 οὔ
1050 1438 1149 1489 μοι
1181 1412 1438 1471 δοκέουσι
1465 1410 1646 1490 ἀρχὴν
1668 1414 1949 1494 γενέσθαι,

355 1502 543 1565 ἄλλως
570 1502 615 1561 δ’
642 1501 783 1561 αὐτὰ
807 1500 1105 1582 Αἰγύπτιοι
1132 1504 1395 1576 σεμνοῦν.

262 1593 333 1651 17
436 1589 599 1649 Μετοὶ
626 1589 686 1648 δὲ
709 1593 887 1649 ταῦτα
913 1588 943 1647 ὁ
982 1588 1307 1664 Καμβύσης
1343 1586 1728 1664 ἐβουλεύσατο
1753 1596 1956 1665 τριφα-

356 1677 487 1738 σίας
525 1675 842 1754 στρατηΐας,
877 1676 973 1734 ε’πί
1006 1700 1069 1734 τε
1110 1676 1529 1754 Καρχηδονίους
1568 1678 1661 1735 καὶ
1701 1677 1793 1735 ε’πὶ
1816 1676 1952 1754 Ἀμ-

352 1765 586 1842 μωνίους
622 1764 713 1821 καὶ
745 1763 836 1821 ἐπὶ
865 1762 996 1825 τούς
1024 1765 1391 1838 Μακροβίους
1417 1765 1706 1834 Αἰθίοπας,
1735 1767 1949 1841 οἰκημέ-

352 1877 479 1914 νους
499 1850 557 1909 δὲ
575 1848 798 1927 Λιβύης
824 1851 916 1908 ἐπὶ
940 1855 1012 1928 τῇ
1032 1851 1186 1928 νοτίῃ
1216 1851 1504 1930 θαλάσσῃ.
1529 1871 1531 1876 ·
1558 1853 1952 1933 βουλευομένῳ

353 1939 417 1999 δέ
460 1942 515 1999 οἱ
568 1939 718 2008 ἔδοξε
772 1937 865 1998 ἐπὶ
916 1941 1019 2016 μὲν
1073 1938 1492 2016 Καρχηδονίους
1541 1939 1642 1999 τόν
1696 1941 1950 2001 ναυτικόν

354 2027 598 2105 στρατὸν
632 2026 1026 2087 ἀποστέλλειν·
1070 2027 1161 2085 ἐπὶ
1192 2026 1252 2084 δὲ
1276 2025 1620 2104 Ἀμμωνίους
1649 2031 1751 2087 τοῦ
1781 2029 1948 2099 πεζοῦ

355 2115 745 2194 ἀποκρίναντα·
800 2115 891 2175 ἐπὶ
922 2115 982 2174 δὲ
1016 2114 1147 2177 τούς
1182 2113 1457 2177 Αἰθίοπας
1493 2112 1772 2178 κατόπτας
1805 2119 1950 2192 πρῶ-

354 2230 468 2274 τον,
511 2203 819 2281 ὀψομένους
868 2229 931 2263 τε
981 2201 1084 2278 τὴν
1125 2207 1184 2262 ἐν
1222 2200 1477 2261 τούτοισι
1528 2205 1682 2261 τοῖσι
1721 2203 1950 2280 Αἰθίοψι

355 2292 665 2373 λεγομένην
687 2289 823 2350 εἶναι
848 2290 1015 2365 ἡλίου
1039 2289 1316 2367 τράπεζαν
1343 2294 1392 2349 εἰ
1418 2289 1539 2348 ἔστι
1566 2288 1831 2365 ἀληθέως,
1859 2291 1950 2350 καὶ

354 2380 495 2454 πρὸς
544 2376 718 2454 ταύτῃ
767 2376 842 2436 ταῖ
896 2375 1049 2436 ἄλλα
1103 2379 1529 2454 κατοψομένους,
1578 2377 1726 2455 δῶρα
1772 2379 1834 2437 δὲ
1871 2381 1950 2458 τῷ

262 2467 335 2524 18
354 2464 505 2543 λόγῳ
539 2463 812 2540 φέροντας
844 2467 922 2541 τῷ
958 2465 1203 2540 βασιλέϊ
1237 2464 1433 2524 αὐτῶν.
1511 2463 1588 2522 Ἡ
1621 2465 1680 2523 δὲ
1704 2465 1950 2542 τράπεζα

354 2555 454 2611 τοῦ
483 2550 647 2627 ἡλίου
681 2549 867 2626 τοιήδε
904 2555 1011 2614 τις’
1028 2552 1256 2632 λέγεται
1292 2550 1448 2611 εἶναι·
1488 2553 1696 2628 λειμών
1737 2559 1861 2612 ἐστι
1893 2559 1950 2614 ἐν

351 2643 429 2720 τῷ
472 2639 787 2717 προαστείῳ
841 2639 1104 2702 ἐπίπλεος
1146 2643 1316 2716 κρεῶν
1357 2638 1544 2714 ἑφθῶν
1582 2637 1804 2698 πάντων
1841 2645 1951 2700 τῶν

352 2727 716 2805 τετραπόδων,
760 2731 815 2790 ἐς
852 2725 954 2788 τᾶν
989 2725 1091 2790 τοῖς
1142 2729 1246 2803 μὲν
1285 2724 1480 2788 νύκτας
1534 2726 1952 2801 ἐπιτηδεύοντας

352 2816 559 2875 τιθέναι
594 2815 665 2875 τοὶ
706 2815 839 2891 κρέα
872 2812 1001 2878 τούς
1042 2818 1101 2873 ἐν
1131 2815 1284 2873 τέλεϊ
1315 2813 1584 2877 ἑκάστους
1615 2813 1807 2878 ε’όντας
1840 2820 1952 2876 τῶν

353 2901 555 2972 αστῶν,
619 2928 719 2965 τας
771 2903 831 2961 δὲ
882 2902 1092 2978 ἡμέρας
1145 2899 1438 2962 δαίνυσθαι
1489 2900 1800 2978 προσιόντα
1848 2902 1951 2963 τᾶν

351 2990 721 3067 βουλόμενον·
806 2989 980 3065 φάναι
1016 2988 1076 3046 δὲ
1105 3013 1236 3050 τους
1272 2989 1599 3068 ἐπιχωρίους
1635 2993 1816 3049 ταῦτα
1846 2989 1952 3066 τὴν

350 3079 461 3154 γῆν
485 3076 658 3151 αυτήν
694 3075 1007 3136 ἀναδιδόναι
1046 3074 1334 3135 ἑκάστοτε.
1413 3075 1453 3152 ἦ
1478 3078 1583 3154 μὲν
1607 3074 1677 3152 δὴ
1701 3074 1952 3153 τράπεζα

262 3161 333 3220 19
351 3167 451 3220 τοῦ
502 3163 667 3238 ἡλίου
708 3162 1015 3239 καλεομένη
1055 3162 1282 3242 λέγεται
1323 3162 1462 3223 εἶναι
1498 3163 1700 3240 τοιήδε.
1786 3170 1951 3242 Καμ-

354 3246 510 3317 βύση
537 3249 597 3307 δὲ
622 3248 694 3311 ὦς
720 3250 871 3320 ἔδοξε
894 3250 1134 3314 πέμπειν
1157 3248 1288 3315 τούς
1313 3249 1724 3324 κατασκόπους,
1751 3251 1954 3316 αὐτίκα
