2250 3500
348 98 422 166 σε’
961 115 1321 166 mmmmm·
1880 116 1949 182 [1.

269 201 283 227 '¹
341 197 571 269 πάντας,
600 197 694 256 καὶ
725 195 1046 278 στρατηγὸν
1078 195 1259 256 αὐτῶν
1299 193 1447 256 ὥστε
1480 191 1815 271 θεοβλαβὴς
1848 192 1954 254 ε’ὢν

343 283 573 354 ἀπέδεξε
594 283 909 366 Ἅρπαγον,
946 283 1129 360 λήθην
1159 283 1485 362 ποιεύμενος
1514 282 1586 342 τοί
1616 308 1715 360 μιν
1742 280 1951 364 ἐόργεε·

342 371 414 436 ὥς
437 372 484 432 δ’
513 375 567 431 οἱ
591 373 782 448 Μῆδοι
810 371 1291 450 στρατευσάμενοι
1316 374 1471 431 τοῖσι
1496 370 1764 450 Πέρσῃσι
1790 370 1953 430 συνέ-

337 484 567 540 μισγον,
602 463 661 519 οἱ
699 460 802 536 μέν
832 485 976 521 τινες
1016 457 1195 518 αὐτῶν
1244 458 1519 537 ἐμάχοντο
1562 457 1693 518 ὅσοι
1730 457 1811 535 μὴ
1845 462 1952 518 τοῦ

343 546 521 628 λόγου
545 548 842 626 μετέσχον,
860 545 993 606 οἶδὲ
1020 544 1365 622 αὐτομόλεον
1380 545 1520 622 πρός
1536 545 1667 608 τοὺς
1692 545 1948 623 Πέρσας·

246 637 362 695 128
380 638 434 694 οῖ
459 635 519 695 δὲ
543 638 810 695 πλεῖστοι
835 632 1197 694 ἐθελοκάκεόν
1213 659 1275 693 τε
1295 635 1387 693 καὶ
1414 635 1669 714 ἔφευγον.
1732 636 1949 693 Διαλυ-

339 724 529 787 θέντος
569 723 628 782 δὲ
667 726 768 783 τοῦ
809 721 1066 797 Μηδικοῦ
1107 720 1524 799 στρατεύματος
1564 724 1829 799 αἰσχρῶς,
1874 720 1949 784 ὥς

343 810 576 871 ἐπύθετο
617 810 866 889 τάχιστα
907 808 940 868 ὁ
984 807 1321 890 Ἀστυάγης,
1368 810 1496 885 ἔφη,
1545 807 1817 867 ἀπειλέων
1866 813 1948 886 τῷ

336 897 524 978 Κύρῳ·
569 908 605 934 “
623 895 753 956 ἀλλ’
790 895 900 956 οὐδ’
931 895 1002 959 ὣς
1029 892 1069 956 ’ὁ
1102 893 1292 974 Κῦρός
1321 921 1391 977 γε
1427 893 1740 975 χαιρήσει.”
1806 921 1945 956 τοσ-

337 989 481 1045 αῦτα
513 986 686 1056 εἴπας,
722 989 942 1062 πρῶτον
973 987 1076 1062 μὲν
1114 987 1226 1044 τῶν
1262 984 1458 1068 μάγων
1490 983 1621 1046 τοῦς
1660 981 1943 1060 ὀνειροπό-

338 1075 476 1136 λους
507 1074 567 1132 οἵ
592 1099 689 1150 μιν
725 1072 1046 1154 ἀνέγνωσαν
1079 1075 1326 1150 μετεῖναι
1348 1072 1449 1133 τόν
1475 1076 1684 1150 Κῦρον,
1710 1071 1945 1137 τούτους

340 1159 772 1232 ἀνεσκολόπισε,
799 1160 941 1237 μετὰ
973 1161 1049 1231 δὲ,
1079 1159 1299 1220 ὥπλισε
1332 1160 1463 1224 τοῦς
1494 1159 1944 1236 ὕπολειφθέντας

332 1252 445 1308 τῶν
481 1248 693 1324 Μήδων
733 1253 790 1309 ἐν
827 1253 906 1328 τῷ
947 1248 1124 1318 ἄστεϊ,
1172 1249 1326 1313 νέους
1370 1274 1435 1308 τε
1477 1249 1569 1308 καὶ
1610 1247 1944 1326 πρεσβύτας

336 1332 554 1413 ἄνδρας·
610 1335 894 1417 ἐξαγαγὼν
933 1336 994 1396 δὲ
1030 1336 1262 1400 τούτους
1304 1337 1397 1396 καὶ
1435 1333 1755 1413 συμβαλῶν
1785 1340 1943 1397 τοῖσι

335 1425 601 1503 Πέρσῃσι
627 1423 876 1501 ἑσσώθη·
918 1425 1012 1484 καὶ
1037 1424 1203 1488 αὐτός
1219 1451 1282 1484 τε
1294 1424 1615 1506 Ἀστυάγης
1636 1423 1940 1504 ἐζωγρήθη,

239 1511 354 1569 129
376 1513 470 1571 καὶ
498 1512 629 1576 τοῦς
661 1511 900 1593 ἐξήγαγε
930 1516 1041 1573 τῶν
1067 1512 1279 1588 Μήδων
1304 1511 1587 1589 ἀπέβαλε.
1667 1509 1854 1571 Ἐόντι
1879 1511 1942 1570 δὲ

333 1598 672 1678 αἰχμαλώτῳ
701 1603 779 1677 τῷ
801 1599 1106 1681 Ἀστυάγεϊ
1138 1600 1393 1678 προστὰς
1418 1598 1449 1660 ὅ
1465 1598 1759 1679 Ἀρπαγος
1783 1599 1938 1662 κατέ-

330 1687 496 1764 χαιρέ
525 1710 588 1744 τε
623 1687 718 1746 καὶ
745 1687 1156 1764 κατεκερτόμεε,
1186 1687 1277 1747 καὶ
1303 1686 1458 1747 ἄλλα
1482 1687 1663 1769 λέγων
1690 1691 1745 1751 ἐς
1768 1685 1941 1747 αύτὸν

333 1774 627 1855 θυμαλγέα
653 1775 788 1833 ἔπεα
814 1775 906 1833 καὶ
931 1773 999 1850 δή
1028 1776 1121 1834 καὶ
1150 1776 1326 1853 εἴρετό
1351 1801 1465 1854 μιν,
1484 1775 1624 1852 πρὸς
1640 1775 1707 1835 τὰ
1736 1779 1939 1835 ἑωυτοῦ

330 1860 554 1922 δεῖπνον
589 1861 660 1922 τό
697 1886 796 1938 μιν
835 1866 1039 1926 ἐκεῖνος
1077 1865 1251 1942 σαρξὶ
1288 1868 1389 1924 τοῦ
1429 1862 1625 1927 παιδὸς
1661 1864 1935 1940 ἐθοίνησε,

333 1957 371 1983 “
387 1946 419 2007 ὅ
443 1973 500 2008 τι
526 1949 608 2026 εἴη
636 1948 674 2026 ἦ
703 1949 912 2010 ἐκείνου
943 1950 1258 2027 δουλοσύνη
1286 1951 1410 2012 ἀντὶ
1433 1954 1535 2028 τῆς
1558 1952 1871 2027 βασιληίης
1887 1950 1937 2022 ;”

289 2046 297 2054 ’
330 2034 365 2096 ὅ
392 2035 455 2096 δέ
475 2062 575 2114 μιν
597 2037 884 2116 προσιδών
910 2036 1209 2118 ἀντείρετο,
1237 2049 1274 2075 “
1292 2042 1340 2099 εἴ
1366 2043 1567 2099 ἑωυτοῦ
1594 2040 1841 2099 ποιέεται
1865 2039 1934 2100 vd

335 2124 527 2202 Κύρου
561 2127 725 2209 ἔργον
732 2125 780 2196 ;”
813 2125 1106 2208 Ἀρπαγος
1132 2126 1192 2187 δὲ
1218 2128 1345 2203 ἔφη,
1374 2126 1540 2191 αὐτὸς
1564 2126 1674 2208 γὰρ
1697 2127 1932 2208 γράψαι,

335 2212 395 2272 τὰ
435 2218 672 2295 πρῆγμα
706 2213 776 2289 δὴ
818 2218 1017 2274 ἑωυτοῦ
1051 2215 1271 2279 δικαίως
1312 2215 1468 2276 εἶναι·
1513 2214 1835 2295 Ἀστυάγης
1874 2215 1938 2275 δέ

326 2326 424 2377 μιν
463 2299 740 2377 ἀπέφαινε
778 2306 856 2379 τῷ
895 2300 1051 2383 λόγῳ
1091 2312 1129 2338 “
1146 2301 1481 2364 σκαιότατόν
1510 2329 1573 2363 τε
1614 2302 1706 2361 καὶ
1738 2301 1922 2362 οἶδικῶ·

327 2410 498 2447 τατον
539 2387 701 2447 ε’όντα
739 2386 959 2448 πάντων
994 2388 1315 2466 ἀνθρώπων·
1356 2389 1692 2451 σκαιότατόν
1715 2390 1821 2467 μέν
1842 2416 1928 2471 γε,

330 2477 381 2533 εἰ
417 2472 627 2551 παρεὸν
667 2472 812 2553 αὐτῷ
827 2476 1102 2551 ’βασιλέα
1132 2478 1413 2558 γενέσθαι,
1440 2477 1513 2558 (εἰ
1538 2478 1607 2555 δὴ
1634 2476 1699 2538 δι’
1726 2482 1931 2538 ἑωυτοῦ

325 2585 394 2641 γε
434 2559 688 2641 ἐπρήχθη
724 2561 797 2621 τσῖ
835 2562 1157 2645 παρεόντα,)
1194 2564 1353 2645 ἄλλῳ
1388 2568 1681 2642 περιέθηκε
1706 2566 1773 2626 τό
1800 2566 1929 2644 κρά-

321 2674 436 2713 τος·
478 2648 815 2723 ἀδικώτατον
847 2650 924 2720 δὲ,
953 2649 1042 2711 ὅτι
1069 2656 1173 2712 τοῦ
1208 2652 1429 2713 δείπνου
1463 2654 1665 2714 εἵνεκεν
1695 2653 1928 2730 Μήδους

279 2792 286 2811 ,
321 2735 723 2798 κατεδούλωσε·
763 2742 813 2797 εἰ
829 2737 942 2819 γὰρ
969 2738 1036 2815 δὴ
1064 2739 1190 2799 δέον
1206 2738 1423 2804 πάντως
1446 2742 1751 2817 περιθεῖναι
1764 2740 1926 2823 ἄλλῳ

321 2824 427 2903 τέῳ
460 2822 566 2900 τήν
590 2826 904 2902 βασιληίην
935 2827 1029 2884 καὶ
1059 2825 1142 2903 μή
1182 2825 1351 2887 αὖτόν
1384 2830 1545 2907 ἔχειν,
1584 2828 1925 2909 δικαιότερον

324 2910 464 2970 εἶναι
507 2912 719 2989 Μήδων
760 2914 865 2991 τέῳ
915 2915 1251 2989 περιβαλεῖν
1291 2917 1461 2974 τοῦτο
1504 2914 1572 2976 vd
1620 2916 1834 2998 οἷγαθὸν
1884 2917 1923 2996 ἢ

320 3000 620 3073 Περσέωνῄ
644 3004 742 3060 νῦν
774 2999 834 3058 δὲ
874 2998 1105 3073 Μήδους
1144 3001 1249 3075 μὲν
1279 2998 1552 3065 α’ναιτίους
1580 3005 1782 3065 τούτου
1808 3005 1921 3067 ε’όν-

319 3104 421 3144 τας
459 3084 691 3148 δούλους
730 3084 854 3145 ἀντὶ
894 3084 1210 3143 δεσποτέων
1246 3089 1548 3166 γεγονέναι,
1590 3092 1822 3167 Πέρσας
1856 3094 1923 3155 δὲ

321 3166 783 3272 δούλους”ε’όντας
821 3170 892 3230 τὰ
935 3169 1068 3246 πρὶν
1107 3168 1317 3244 Μήδων
1358 3178 1457 3235 νῦν
1496 3179 1784 3257 γεγονέναι
1834 3180 1920 3242 δε·

319 3275 558 3313 ‹nm-oms·-
