2250 3500
338 110 523 159 131-1
530 108 617 171 34]
1000 111 1270 163 ΘΔΔΕῙΔ.
1839 114 1936 163 265

330 214 531 271 γιστον
550 190 669 269 εἶχε
696 191 788 249 καὶ
814 189 1194 267 ὁμοτράπεζος
1211 192 1504 265 βασιλεῖ’
1477 191 1744 273 εγεγόνεε·
1783 190 1938 268 πλήν

330 302 391 337 τε
424 278 545 341 ἑνός
578 282 679 339 τοῦ
714 281 769 341 ἐς
794 277 1083 353 Ἕλληνας
1118 275 1355 349 ἀπιέναι,
1395 278 1580 340 πάντα
1603 306 1676 339 τα
1701 276 1856 339 ἅλλα
1881 281 1936 339 οἶ

329 370 533 443 παρῆν.
617 365 709 425 καὶ
747 368 913 426 τοῦτο
944 368 1050 441 μὲν
1088 390 1219 429 τους
1254 368 1644 446 Αἰγυπτίους’
1624 365 1846 444 ιητροῦς
1881 392 1936 426 οι

328 454 584 529 βασιλέα
623 452 897 529 πρότερον
939 455 1115 523 ἰῶντο,
1159 453 1475 528 μέλλοντας
1507 453 1934 515 ἀνασκολοπιεῖ-

329 542 470 601 σθαι
497 536 641 601 διότι
664 539 773 600 ύπό
794 539 1081 615 Ἕλληνος
1108 543 1298 617 ἰητροῦ
1327 540 1682 616 ἑσσώθησαν,
1709 540 1936 605 τούτους

329 628 585 701 βασιλέα
603 626 1095 704 παραιτησάμενος
1121 626 1417 705 ἐρρύσατο·
1457 632 1626 688 τοῦτο
1652 628 1712 687 δέ
1736 627 1936 704 μάντιν

328 706 563 775 Ἠλεῖον
590 714 945 792 Πολυκράτεϊ
971 714 1368 791 ἐπισπόμενον,
1391 715 1484 775 καὶ
1499 714 1935 792 ἀπημελημένον

328 806 391 862 ἐν
427 805 581 863 τοῖσι
621 801 1041 879 ἀνδραπόδοισι,
1082 802 1376 879 ἐρρύσατο.
1441 802 1514 879 ἦν
1558 802 1618 863 δὲ
1662 803 1936 885 μέγιστον

328 893 565 966 πρῆγμα
597 889 936 965 Δημοκήδης
972 889 1128 967 παρὰ
1161 891 1424 965 βασιλέϊ.

408 976 507 1037 Ἐν
531 978 715 1057 χρόνῳ
740 976 801 1037 δὲ
827 976 1003 1058 ὀλίγῳ
1033 1003 1176 1054 μετα
1201 983 1396 1049 ταῦτα,
1423 978 1556 1039 τάδε
1581 976 1738 1039 ἄλλα
1762 1004 1890 1039 συν-
1911 980 2028 1041 133

325 1063 511 1141 ἤνεικε
549 1065 835 1147 γενέσθαι.
901 1063 1161 1145 Ἀτόσσῃ
1201 1069 1276 1145 τῇ
1316 1065 1510 1144 Κύρου
1550 1070 1656 1144 μὲν
1697 1067 1933 1149 θυγατρὶ

326 1154 571 1229 Δαρείου
596 1153 657 1213 δὲ
680 1152 902 1234 γυναικὶ
928 1154 1021 1213 ἐπὶ
1048 1158 1154 1213 τοῦ
1178 1158 1402 1230 μαστοῦ
1431 1155 1538 1230 ἔφυ
1566 1158 1747 1231 φῦμα·
1787 1154 1932 1232 μετὰΙ

326 1239 405 1309 δὲ,
434 1243 666 1322 ἐκραγὲν
692 1241 915 1317 ἐνέμετο
948 1240 1164 1318 πρόσω.
1233 1240 1375 1302 ὅσον
1397 1244 1501 1317 μὲν
1527 1241 1597 1317 δὴ
1623 1242 1828 1321 χρόνον
1855 1241 1928 1317 ἦν

327 1328 601 1398 ἔλασσον,
632 1328 670 1403 ἦ
703 1328 763 1387 δὲ
804 1327 1131 1404 κρύπτουσα
1171 1328 1264 1385 καὶ
1302 1328 1682 1405 αἰσχυνομένη
1723 1328 1931 1405 ἔφραζε

326 1412 525 1475 οὐδενί·
566 1416 691 1475 ἐπεί
718 1440 781 1475 τε
805 1413 867 1474 δὲ
894 1420 953 1475 ἐν
978 1418 1125 1493 κακῷ
1150 1412 1238 1489 ἦν,
1262 1415 1659 1492 μετεπέμψατο
1684 1413 1784 1475 τόν
1813 1422 1925 1491 Δη-

324 1502 575 1579 μοκήδεα
616 1503 715 1563 καί
752 1506 807 1562 οἶ
846 1501 1085 1571 ἐπέδεξε·
1135 1500 1169 1561 ό
1207 1500 1270 1561 δὲ
1309 1500 1426 1579 φάς
1457 1501 1618 1584 ὖγιέα
1651 1500 1929 1577 ποιήσειν,

326 1590 549 1667 ἐξορκοῖ
583 1616 682 1667 μιν
711 1589 749 1665 ἦ
783 1589 899 1667 μήν
930 1593 983 1649 οἶ
1016 1588 1494 1671 ἀντυπουργήσειν
1521 1591 1731 1666 ἐκείνην
1760 1593 1929 1650 τοῦτο

322 1677 391 1737 ra
418 1676 488 1737 ἂν
514 1676 684 1754 αὖα-ἧς
709 1678 901 1757 δεηθῇ·
942 1676 1250 1755 δεήσεσθαι
1275 1678 1336 1738 δὲ
1362 1677 1580 1743 οὖδενός
1603 1681 1713 1740 τῶν
1733 1676 1844 1739 ὅσα
1872 1682 1929 1741 ἐς

323 1766 597 1844 αἰσχύνην
624 1767 749 1826 ἐστὶ
775 1768 1039 1842 φέροντα.
1104 1767 1204 1830 Ὡς
1231 1767 1290 1827 δὲ
1315 1766 1425 1845 ἄρα
1442 1793 1540 1846 μιν
1556 1766 1700 1844 μετά
1713 1771 1889 1828 ταῦτα
1907 1768 2025 1828 134

324 1853 553 1931 ἰώμενος
591 1855 751 1936 ύγιέα
790 1853 1037 1925 ἀπέδεξε,
1074 1857 1312 1916 ἐνθαῦτα
1350 1855 1419 1932 δὴ
1453 1857 1782 1935 διδαχθεῖσα
1814 1855 1928 1916 ύπό

322 1946 426 2001 τοῦ
469 1943 829 2019 Δημοκήδεος
860 1941 899 2018 ἤ
925 1941 1210 2013 Ἄτοσσα,
1235 1945 1558 2020 προσέφερε
1585 1949 1644 2003 ἐν
1667 1948 1740 2021 τῇ
1771 1945 1928 2024 κοίτῃ

324 2031 544 2109 Δαρείῳ
584 2030 760 2110 λόγον
792 2030 1027 2091 τοιόνδε·
1074 2039 1112 2066 “
1129 2029 1172 2088 ὦ
1209 2031 1476 2105 βασιλεῦ,
1518 2030 1658 2107 ἔχων
1699 2029 1929 2106 δύναμιν

321 2117 605 2194 τοσαύτην
637 2117 879 2194 κάτησαι
917 2115 1045 2177 οὔτε
1069 2142 1125 2176 τι
1153 2116 1309 2180 ἔθνος
1340 2116 1771 2193 προσκτώμενος
1799 2114 1925 2176 οὔτε

325 2204 555 2282 δύναμιν
592 2207 895 2284 Πέρσῃσι;
938 2203 1088 2267 οἲκὸς
1117 2204 1238 2264 δέ’
1212 2229 1334 2264 εστι
1368 2203 1542 2281 ἄνδρα
1569 2203 1661 2262 καὶ
1686 2204 1811 2263 νέον
1835 2204 1928 2262 καὶ

323 2292 626 2370 χρημάτων
655 2293 917 2374 μεγάλων
953 2292 1236 2368 δεσπότην
1267 2292 1576 2368 φαίνεσθαί
1608 2317 1665 2352 τι
1705 2289 1925 2352 ἀποδει-

324 2379 606 2457 κνύμενον,
642 2381 731 2440 ἵνα
767 2380 861 2439 καὶ
891 2381 1117 2458 Πέρσαι
1157 2379 1511 2458 ἐκμάθωσι
1478 2406 1564 2440 οτι
1599 2378 1691 2439 ὕπ’
1728 2379 1927 2458 ἀνδρος

323 2465 615 2546 ἄρχονται.
682 2467 767 2528 ἐπ’
793 2466 1088 2544 ἀμφότερα
1114 2467 1179 2528 δέ
1200 2494 1288 2528 τοι
1313 2470 1474 2546 φέρει
1498 2472 1675 2529 ταῦτα
1699 2470 1924 2539 ποιέειν,

325 2556 418 2614 καὶ
451 2556 540 2616 ἵνα
570 2557 764 2633 σφέων
803 2557 1027 2634 Πέρσαι
1064 2557 1426 2619 ἐπιστέωνται
1457 2556 1631 2635 ἄνδρα
1663 2558 1802 2618 εἶναι
1825 2555 1926 2617 τόν

322 2648 697 2720 προεστεῶτα,
717 2643 809 2703 καὶ
836 2644 925 2703 ἵνα
948 2645 1254 2720 τρίβωνται
1278 2647 1510 2725 πολέμῳ
1533 2645 1676 2721 μηδὲ
1701 2645 1927 2724 σχολήν

323 2730 552 2811 ἄγοντες
584 2731 1004 2808 ἐπιβουλεύωσί
1034 2758 1144 2792 τοι.
1213 2737 1312 2793 νῦν
1339 2732 1452 2813 γάρ
1489 2731 1559 2791 ἅν
1583 2755 1639 2790 τι
1666 2732 1759 2789 καὶ
1783 2729 1923 2790 ἀπο-

322 2817 508 2888 δέξαιο
548 2821 727 2901 ἔργον,
755 2819 852 2883 ἕως
886 2820 1006 2882 νέος
1042 2818 1121 2882 εἷς
1155 2819 1399 2894 ἡλικίην·
1441 2816 1790 2896 αὐξανομένῳ
1813 2816 1924 2897 γὰρ

320 2910 401 2984 τῷ
440 2907 660 2984 σώματι
700 2906 1068 2976 συναύξονται
1108 2907 1202 2965 καὶ
1236 2909 1296 2964 αἱ
1335 2906 1548 2983 φρένες,
1579 2904 1924 2986 γηράσκοντι

323 2994 385 3053 δὲ
410 2993 877 3076 συγγηράσκουσι
904 2995 997 3054 καὶ
1022 2999 1077 3057 ἐς
1100 2993 1174 3052 τοὶ
1199 2992 1502 3074 πρήγματα
1531 2992 1716 3052 πάντα
1741 2992 1925 3069 ἀπαμ-

320 3081 683 3158 βλύνονται.”
748 3081 787 3157 ἦ
819 3083 922 3159 μὲν
947 3080 1017 3156 δὴ
1052 3085 1229 3141 ταῦτα
1256 3085 1317 3140 ἐκ
1342 3081 1568 3159 διδαχῆς
1598 3081 1773 3162 ἔλεγε·
1816 3080 1847 3140 ὁ
1874 3078 1922 3138 δ’

322 3167 625 3245 ἀμείβεται
652 3170 865 3229 τοῖσδε·
908 3177 944 3204 “
961 3167 1004 3226 ὦ
1038 3167 1217 3248 γύναι,
1250 3167 1434 3228 πάντα
1468 3167 1582 3227 ὅσα
1617 3192 1723 3244 περ
1761 3166 1926 3229 αῦτός

324 3257 555 3316 ἐπινοέω
577 3256 839 3332 ποιήσειν
857 3256 1094 3331 εἴρηκας·
1123 3254 1232 3330 ἐγώ
1256 3255 1367 3330 γὰρ
1381 3254 1786 3330 βεβούλευμαι,
1808 3253 1927 3324 ζεύ-
