2250 3500
373 149 586 214 ιγ’-22]
628 135 636 144 ’
1125 151 1353 202 mmm.
1940 153 1975 200 ο

363 229 635 307 πρότερον
672 232 726 289 οἶ
761 228 1042 306 Μιλήσιοι
1074 235 1230 292 τοῖσι
1266 231 1462 292 Χίοισι
1494 231 1595 292 τὸν
1630 230 1771 310 πρός
1808 229 1971 310 Ἐρυ-

365 317 589 393 θραίους
633 317 893 395 πόλεμον
929 318 1331 395 συνδιήνεικαν.
1411 323 1503 402 Τῷ
1544 321 1605 381 δὲ
1652 317 1969 401 δυωδεκάτῳ
1988 319 2065 382 19

365 404 474 464 ἔτεῖ
509 405 674 482 ληΐου
719 407 1137 484 ἐμπιπραμένου
1180 405 1291 466 ὖπό
1330 410 1431 484 τῆς
1470 412 1755 486 στρατιῆς,
1798 431 1969 487 συνη-

365 493 557 572 νείχθη
573 518 632 553 τι
652 491 866 554 τοιόνδε
887 493 1153 576 γενέσθαι
1172 497 1427 574 πρῆγμα·
1454 492 1527 558 ὥς
1544 492 1703 570 ἅφθη
1720 492 1969 574 τάχιστα

362 578 430 640 τό
473 579 640 658 λήϊον
685 579 866 661 ἀνέμῳ
915 580 1215 660 βιώμενον,
1260 579 1447 659 ἅψατο
1490 585 1625 658 νηοῦ
1668 579 1967 660 Ἀθηναίης

364 668 664 779 ἐπίκλησιν
685 661 1024 746 Ἀσσησίης·
1091 667 1293 743 ἁφθεὶς
1324 669 1385 728 δὲ
1415 667 1449 728 ὅ
1475 667 1608 745 νηός
1638 667 1967 748 κατεκαύθη·

363 780 458 815 και
496 756 562 816 τό
598 757 910 835 παραυτίκα
947 757 1052 833 μὲν
1089 755 1265 837 λόγος
1304 754 1481 819 οὐδεὶς
1520 756 1759 837 ἐγένετο·
1822 781 1969 833 μετα

363 842 442 913 δὲ,
478 848 580 920 τῆς
615 849 883 922 στρατιῆς
919 843 1257 922 ἀπικομένης
1296 848 1353 907 ἐς
1392 842 1611 955 Σάρδις,
1648 841 1891 920 ἐνόσησε
1930 841 1967 904 ὅ

364 929 690 1008 Αλυάττης·
727 933 1074 1012 μακροτέρης
1103 931 1169 991 δέ
1198 934 1255 992 οἶ
1284 933 1583 1014 γενομένης
1604 935 1709 1008 τῆς
1739 931 1963 1003 νούσου,

363 1019 568 1096 πέμπει
601 1026 656 1084 ἔς
688 1020 956 1096 Δελφους
979 1018 1341 1098 θεοπρόπους,
1372 1021 1481 1080 εἴτε
1512 1019 1581 1095 δὴ
1606 1019 1965 1097 συμβουλεύ-

363 1106 570 1171 σαντός
595 1133 694 1168 τευ
727 1107 838 1168 εἴτε
871 1107 966 1167 καὶ
997 1105 1145 1185 αὐτῷ
1180 1107 1331 1177 ἔδοξε
1364 1109 1663 1186 πέμψαντα
1696 1107 1797 1168 τᾶν
1832 1107 1963 1169 θεὸν

363 1195 682 1273 ε’πείρεσθαι
703 1195 956 1272 περὶτῆς
973 1193 1199 1256 νούσου·
1232 1200 1387 1256 τοῖσι
1412 1195 1471 1254 δὲ
1494 1195 1533 1271 ἦ
1562 1195 1749 1272 Πυθίη
1770 1193 1963 1255 ἀπικο-

363 1282 585 1356 μένοισι
603 1289 659 1347 ἐς
682 1281 948 1359 Δελφούς
973 1279 1074 1342 οὔκ
1100 1283 1211 1360 ἔφη
1230 1282 1481 1362 χρήσειν,
1502 1283 1633 1360 πρὶν
1652 1281 1690 1358 ἢ
1708 1282 1809 1344 τόν
1826 1281 1963 1360 νηόν

361 1373 464 1444 τῆς
484 1365 783 1446 Ἀθηναίης
800 1368 1184 1448 ἀνορθώσωσι,
1204 1370 1303 1430 τόν
1320 1371 1630 1449 ἐνέπρησαν
1654 1370 1838 1449 χώρης
1860 1375 1965 1446 τῆς

361 1457 660 1534 Μιλησίης
703 1461 764 1518 ἐν
802 1456 1098 1536 Ἀσσησῷ.
1182 1460 1428 1534 Δελφῶν
1478 1457 1603 1516 οἶδα
1654 1456 1763 1538 ε’γῶ
1816 1456 1957 1517 οὕτω
1976 1459 2055 1519 20

363 1541 612 1608 οἰκούσας
645 1546 929 1627 γενέσθαι.
1011 1543 1295 1621 Μιλήσιοι
1332 1544 1395 1604 δὲ
1431 1543 1563 1604 τάδε
1600 1545 1961 1620 προστιθεῖσι

363 1630 630 1694 τούτοισι·
676 1633 1024 1711 Περίανδρον
1057 1632 1161 1694 τᾶν
1201 1633 1487 1711 Κυψέλου,
1531 1631 1694 1693 ἐόντα
1738 1639 1960 1710 Θρασυ-

363 1719 556 1801 βούλῳ
584 1724 664 1801 τῷ
695 1720 826 1783 τότε
865 1719 1130 1797 Μιλήτου
1164 1719 1547 1800 τυραννεύοντι
1586 1722 1764 1792 ξεῖνον
1798 1726 1857 1788 ἐς
1885 1720 1961 1784 τὰ

365 1806 630 1879 μάλιστα,
654 1808 972 1886 πυθόμενον
1000 1808 1069 1870 ra
1101 1808 1447 1890 χρηστήριον
1469 1808 1537 1871 τὸ
1568 1813 1647 1889 τῷ
1674 1808 1959 1891 Ἀλυάττῃ

363 1894 658 1977 γενόμενον
691 1898 995 1977 πέμψαντα
1028 1894 1276 1979 ἄγγελον
1307 1900 1601 1969 κατειπεῖν,
1635 1896 1773 1961 ὅκως
1804 1896 1875 1957 ἅν
1900 1922 1959 1958 τι

363 1984 628 2060 προειδῶς
668 1984 812 2063 πρός
859 1983 929 2045 τὸ
977 1984 1189 2063 παρεόν
1232 1984 1594 2063 βουλεύηται.
1676 1984 1959 2061 Μιλήσιοι

362 2071 464 2145 μέν
494 2098 592 2132 νυν
627 2072 768 2134 οὕτω
804 2074 1041 2153 λέγουσι
1073 2074 1357 2154 γενέσθαι.
1437 2072 1748 2148 Ἀλυάττης
1782 2072 1859 2142 δὲ,
1887 2070 1959 2136 ὥς
1974 2074 2049 2133 21

361 2162 417 2217 οἱ
441 2163 616 2219 ταῦτα
641 2162 737 2231 ἐξα
733 2162 969 2245 γγέλθη,
996 2158 1194 2220 αύτίκα
1220 2162 1431 2235 ἔπεμπε
1456 2158 1665 2235 κήρυκα
1691 2163 1745 2221 ἐς
1768 2159 1957 2235 Μίλη-

359 2270 476 2318 τον,
507 2248 858 2325 βουλόμενος
889 2246 1142 2310 σπονδὰς
1176 2245 1531 2322 ποιήσασθαι
1565 2244 1958 2327 Θρασυβούλω

359 2358 423 2393 τε
441 2336 534 2394 καὶ
557 2337 906 2413 Μιλησίοισι
921 2334 1129 2415 χρόνον
1153 2333 1292 2395 ὅσον
1310 2358 1381 2395 αν
1394 2357 1499 2393 τον
1512 2333 1647 2409 νηόν
1634 2330 1953 2414 ὀἰκοδομῇ·

361 2419 394 2481 ὅ
407 2424 512 2499 μὲν
525 2423 594 2501 δή
611 2421 935 2488 ἅπόστολος
951 2429 1006 2487 ἐς
1018 2422 1124 2500 τήν
1140 2423 1401 2499 Μίλητον
1412 2420 1519 2497 ἤϊε·
1546 2422 1958 2500 Θρασύβουλος

359 2508 421 2568 δὲ
445 2512 674 2587 σαφέως
696 2512 1163 2590 προπεπυσμένος
1184 2509 1369 2570 πάντα
1393 2508 1571 2591 λόγον
1595 2511 1689 2569 καὶ
1711 2508 1861 2573 εἰδώς
1883 2508 1957 2570 τοὶ

358 2594 670 2675 Ἀλυάττης
697 2600 905 2677 μέλλοι
934 2597 1207 2674 ποιήσειν,
1234 2601 1551 2676 μηχανᾶται
1574 2598 1778 2658 τοιάδε·
1818 2597 1957 2662 ὅσος

357 2685 430 2760 ἦν
455 2691 514 2746 ἐν
536 2691 614 2765 τῷ
637 2685 800 2747 ἄστεϊ
825 2689 984 2749 σῖτος
1011 2686 1102 2745 καὶ
1130 2688 1329 2745 ἑωυτοῦ
1351 2684 1443 2743 καὶ
1469 2684 1733 2749 ἷδιωτικός
1756 2689 1956 2745 τοῦτον

357 2770 542 2834 πάντα
559 2774 914 2855 συγκομίσας
931 2778 987 2837 ἔς
999 2772 1102 2848 τὴν
1112 2770 1340 2852 οἶγορήν,
1349 2776 1581 2850 προεῖπε
1591 2772 1954 2847 Μιλησίοισι,

359 2858 528 2921 ἐπεὰν
552 2858 720 2926 αύτός
739 2860 981 2941 σημῇνῃ,
999 2859 1132 2921 τότε
1156 2859 1334 2919 πίνειν
1349 2884 1415 2919 τε
1438 2858 1649 2923 πάντας
1675 2860 1767 2917 καὶ
1794 2856 1957 2937 κώμῳ

356 2948 628 3027 χρέεσθαι
653 2954 708 3014 ἐς
731 2948 1038 3025 ἀλλήλους.
1117 2949 1305 3006 Ταῦτα
1330 2946 1391 3005 δὲ
1416 2946 1597 3006 ἐποίεέ
1617 2970 1681 3006 τε
1706 2945 1799 3005 καὶ
1821 2970 1955 3022 προ·
1972 2946 2050 3005 22

358 3034 589 3116 αγόρευε
630 3036 1042 3115 Θρασύβουλος
1078 3034 1248 3093 τῶνδε
1288 3033 1503 3102 εἵνεκεν,
1538 3032 1676 3095 ὅκως
1708 3029 1807 3092 αν·
1796 3031 1955 3108 ·δῆ“
1920 3060 1955 3093 ο

360 3122 592 3200 κήρυξ“
559 3150 590 3183 ο
625 3121 927 3203 Σαρδιηνος
955 3120 1080 3180 ιδῶν
1103 3144 1167 3179 τε
1198 3144 1384 3194 σωρον
1407 3120 1587 3197 μέγαν
1612 3118 1774 3179 σίτου
1800 3144 1957 3197 κεχυ-

358 3211 526 3287 μένον
571 3212 666 3269 καὶ
708 3210 838 3273 τούς
889 3206 1213 3284 ἅνθρωπους
1264 3211 1323 3264 ε’ν
1376 3202 1705 3281 ευπαθείῃσι
1751 3204 1957 3274 ἐόντας,

357 3296 602 3378 ἀγγείλῃ
636 3295 938 3373 Ἀλυάττῃ·
984 3318 1058 3352 τα
1097 3288 1167 3367 δῆ
1209 3291 1301 3349 καὶ
1342 3288 1575 3367 ἐγένετο·
1626 3316 1698 3354 ως
1736 3316 1847 3369 γαρ
1888 3289 1957 3364 δὴ

525 3384 556 3427 2
