<?xml version="1.0" encoding="UTF-8"?>
<!DOCTYPE html PUBLIC "-//W3C//DTD XHTML 1.0 Transitional//EN"
    "http://www.w3.org/TR/xhtml1/DTD/xhtml1-transitional.dtd">
<html xmlns="http://www.w3.org/1999/xhtml" xml:lang="en" lang="en">
 <head>
  <title>
</title>
<meta http-equiv="Content-Type" content="text/html;charset=utf-8" />
  <meta name='ocr-system' content='tesseract 3.04.00' />
  <meta name='ocr-capabilities' content='ocr_page ocr_carea ocr_par ocr_line ocrx_word'/>
</head>
<body>
  <div class='ocr_page' id='page_1' title='image "./herodotus04blakgoog_0381.png"; bbox 0 0 2250 3500; ppageno 0'>
   <div class='ocr_carea' id='block_1_1' title="bbox 328 118 2061 3352">
    <p class='ocr_par' dir='ltr' id='par_1_1' title="bbox 328 118 2018 1331">
     <span class='ocr_line' id='line_1_1' title="bbox 330 118 1932 184; baseline -0.002 -14"><span class='ocrx_word' id='word_1_1' title='bbox 330 118 617 184; x_wconf 51' lang='lat' dir='ltr'><strong>loa-199]</strong></span> <span class='ocrx_word' id='word_1_2' title='bbox 936 119 1388 171; x_wconf 74' lang='lat' dir='ltr'><strong>MEAHOMENH.</strong></span> <span class='ocrx_word' id='word_1_3' title='bbox 1837 121 1932 168; x_wconf 76' lang='lat'>359</span> 
     </span>
     <span class='ocr_line' id='line_1_2' title="bbox 331 196 1935 280; baseline -0.001 -20"><span class='ocrx_word' id='word_1_4' title='bbox 331 199 683 280; x_wconf 79' lang='grc' dir='ltr'>κυματωγὴν,</span> <span class='ocrx_word' id='word_1_5' title='bbox 724 197 1003 275; x_wconf 78' lang='grc' dir='ltr'>ἐσβάντες</span> <span class='ocrx_word' id='word_1_6' title='bbox 1044 204 1099 262; x_wconf 89' lang='grc' dir='ltr'>ἐς</span> <span class='ocrx_word' id='word_1_7' title='bbox 1137 199 1210 261; x_wconf 66' lang='grc' dir='ltr'>τὰ</span> <span class='ocrx_word' id='word_1_8' title='bbox 1249 201 1430 258; x_wconf 76' lang='grc' dir='ltr'>πλοῖα</span> <span class='ocrx_word' id='word_1_9' title='bbox 1466 197 1667 276; x_wconf 71' lang='grc' dir='ltr'>τύφειν</span> <span class='ocrx_word' id='word_1_10' title='bbox 1705 196 1935 259; x_wconf 82' lang='grc' dir='ltr'>καπνόν·</span> 
     </span>
     <span class='ocr_line' id='line_1_3' title="bbox 328 285 1939 368; baseline 0 -20"><span class='ocrx_word' id='word_1_11' title='bbox 328 287 459 351; x_wconf 75' lang='grc' dir='ltr'>τούς</span> <span class='ocrx_word' id='word_1_12' title='bbox 480 287 525 348; x_wconf 81' lang='grc' dir='ltr'>δ’</span> <span class='ocrx_word' id='word_1_13' title='bbox 548 287 872 368; x_wconf 79' lang='grc' dir='ltr'>ἐπιχωρίους</span> <span class='ocrx_word' id='word_1_14' title='bbox 900 287 1184 364; x_wconf 77' lang='grc' dir='ltr'>ἰδομένους</span> <span class='ocrx_word' id='word_1_15' title='bbox 1206 285 1308 347; x_wconf 71' lang='grc' dir='ltr'>τὸν</span> <span class='ocrx_word' id='word_1_16' title='bbox 1327 286 1538 348; x_wconf 73' lang='grc' dir='ltr'>καπνὸν</span> <span class='ocrx_word' id='word_1_17' title='bbox 1555 287 1694 346; x_wconf 82' lang='grc' dir='ltr'>ἰέναι</span> <span class='ocrx_word' id='word_1_18' title='bbox 1717 290 1810 346; x_wconf 82' lang='grc' dir='ltr'>ἐπὶ</span> <span class='ocrx_word' id='word_1_19' title='bbox 1833 285 1939 364; x_wconf 78' lang='grc' dir='ltr'>τήν</span> 
     </span>
     <span class='ocr_line' id='line_1_4' title="bbox 332 373 1940 452; baseline 0.001 -17"><span class='ocrx_word' id='word_1_20' title='bbox 332 374 657 435; x_wconf 77' lang='grc' dir='ltr'>θάλασσαν·</span> <span class='ocrx_word' id='word_1_21' title='bbox 713 375 807 434; x_wconf 84' lang='grc' dir='ltr'>καὶ</span> <span class='ocrx_word' id='word_1_22' title='bbox 870 375 1059 434; x_wconf 83' lang='grc' dir='ltr'>ἔπειτα</span> <span class='ocrx_word' id='word_1_23' title='bbox 1113 373 1238 435; x_wconf 84' lang='grc' dir='ltr'>α’ντὶ</span> <span class='ocrx_word' id='word_1_24' title='bbox 1283 376 1395 434; x_wconf 74' lang='grc' dir='ltr'>τῶν</span> <span class='ocrx_word' id='word_1_25' title='bbox 1437 375 1682 451; x_wconf 85' lang='grc' dir='ltr'>φορτίων</span> <span class='ocrx_word' id='word_1_26' title='bbox 1722 375 1940 452; x_wconf 72' lang='grc' dir='ltr'>χρυσὸν</span> 
     </span>
     <span class='ocr_line' id='line_1_5' title="bbox 329 461 1938 541; baseline 0.001 -19"><span class='ocrx_word' id='word_1_27' title='bbox 329 463 557 532; x_wconf 81' lang='grc' dir='ltr'>τιθέναι,</span> <span class='ocrx_word' id='word_1_28' title='bbox 596 462 689 522; x_wconf 82' lang='grc' dir='ltr'>καὶ</span> <span class='ocrx_word' id='word_1_29' title='bbox 720 463 1115 541; x_wconf 81' lang='grc' dir='ltr'>ἐξαναχωρέειν</span> <span class='ocrx_word' id='word_1_30' title='bbox 1144 462 1346 538; x_wconf 86' lang='grc' dir='ltr'>πρόσω</span> <span class='ocrx_word' id='word_1_31' title='bbox 1379 461 1494 522; x_wconf 81' lang='grc' dir='ltr'>οἷπὸ</span> <span class='ocrx_word' id='word_1_32' title='bbox 1531 467 1644 523; x_wconf 73' lang='grc' dir='ltr'>τῶν</span> <span class='ocrx_word' id='word_1_33' title='bbox 1675 464 1938 539; x_wconf 80' lang='grc' dir='ltr'>φορτίων·</span> 
     </span>
     <span class='ocr_line' id='line_1_6' title="bbox 330 549 1938 630; baseline 0 -20"><span class='ocrx_word' id='word_1_34' title='bbox 330 549 462 614; x_wconf 74' lang='grc' dir='ltr'>τούς</span> <span class='ocrx_word' id='word_1_35' title='bbox 494 550 553 610; x_wconf 82' lang='grc' dir='ltr'>δὲ</span> <span class='ocrx_word' id='word_1_36' title='bbox 589 550 1009 630; x_wconf 80' lang='grc' dir='ltr'>Καρχηδονίους</span> <span class='ocrx_word' id='word_1_37' title='bbox 1036 550 1312 627; x_wconf 80' lang='grc' dir='ltr'>ἐκβάντας</span> <span class='ocrx_word' id='word_1_38' title='bbox 1338 550 1708 611; x_wconf 85' lang='grc' dir='ltr'>σκέπτεσθαι·</span> <span class='ocrx_word' id='word_1_39' title='bbox 1749 553 1844 610; x_wconf 83' lang='grc' dir='ltr'>καὶ</span> <span class='ocrx_word' id='word_1_40' title='bbox 1867 550 1938 628; x_wconf 78' lang='grc' dir='ltr'>ἢν</span> 
     </span>
     <span class='ocr_line' id='line_1_7' title="bbox 330 637 1939 716; baseline 0.002 -21"><span class='ocrx_word' id='word_1_41' title='bbox 330 639 436 713; x_wconf 84' lang='grc' dir='ltr'>μὲν</span> <span class='ocrx_word' id='word_1_42' title='bbox 490 638 761 714; x_wconf 88' lang='grc' dir='ltr'>φαίνηταί</span> <span class='ocrx_word' id='word_1_43' title='bbox 810 644 925 714; x_wconf 88' lang='grc' dir='ltr'>σφι</span> <span class='ocrx_word' id='word_1_44' title='bbox 967 637 1119 708; x_wconf 79' lang='grc' dir='ltr'>ἄξιος</span> <span class='ocrx_word' id='word_1_45' title='bbox 1162 637 1196 698; x_wconf 80' lang='grc' dir='ltr'>ὅ</span> <span class='ocrx_word' id='word_1_46' title='bbox 1243 664 1459 716; x_wconf 89' lang='grc' dir='ltr'>χρυσος</span> <span class='ocrx_word' id='word_1_47' title='bbox 1508 663 1621 698; x_wconf 86' lang='grc' dir='ltr'>των</span> <span class='ocrx_word' id='word_1_48' title='bbox 1676 638 1939 716; x_wconf 88' lang='grc' dir='ltr'>φορτίων,</span> 
     </span>
     <span class='ocr_line' id='line_1_8' title="bbox 333 724 1944 804; baseline 0.002 -20"><span class='ocrx_word' id='word_1_49' title='bbox 333 725 672 803; x_wconf 85' lang='grc' dir='ltr'>απελόμενοι</span> <span class='ocrx_word' id='word_1_50' title='bbox 692 724 1245 800; x_wconf 74' lang='grc' dir='ltr'>ἀπαλλάσσονται,</span> <span class='ocrx_word' id='word_1_51' title='bbox 1211 753 1280 802; x_wconf 91' lang='grc' dir='ltr'>ην</span> <span class='ocrx_word' id='word_1_52' title='bbox 1301 727 1364 786; x_wconf 82' lang='grc' dir='ltr'>δὲ</span> <span class='ocrx_word' id='word_1_53' title='bbox 1380 753 1460 804; x_wconf 91' lang='grc' dir='ltr'>μη</span> <span class='ocrx_word' id='word_1_54' title='bbox 1444 727 1648 796; x_wconf 78' lang='grc' dir='ltr'>ἄξιος,</span> <span class='ocrx_word' id='word_1_55' title='bbox 1669 727 1944 803; x_wconf 77' lang='grc' dir='ltr'>ἐσβάντες</span> 
     </span>
     <span class='ocr_line' id='line_1_9' title="bbox 333 811 1946 891; baseline 0.001 -16"><span class='ocrx_word' id='word_1_56' title='bbox 333 811 517 875; x_wconf 74' lang='grc' dir='ltr'>ὀπίσω</span> <span class='ocrx_word' id='word_1_57' title='bbox 561 819 615 878; x_wconf 86' lang='grc' dir='ltr'>ἐς</span> <span class='ocrx_word' id='word_1_58' title='bbox 656 814 729 874; x_wconf 84' lang='grc' dir='ltr'>τοὶ</span> <span class='ocrx_word' id='word_1_59' title='bbox 770 817 948 874; x_wconf 82' lang='grc' dir='ltr'>πλοῖα</span> <span class='ocrx_word' id='word_1_60' title='bbox 989 815 1385 874; x_wconf 84' lang='grc' dir='ltr'>κατέαται·οἱ</span> <span class='ocrx_word' id='word_1_61' title='bbox 1425 814 1486 874; x_wconf 82' lang='grc' dir='ltr'>δὲ</span> <span class='ocrx_word' id='word_1_62' title='bbox 1531 813 1946 891; x_wconf 81' lang='grc' dir='ltr'>προσελθόντες</span> 
     </span>
     <span class='ocr_line' id='line_1_10' title="bbox 335 899 1940 982; baseline 0 -20"><span class='ocrx_word' id='word_1_63' title='bbox 335 899 518 962; x_wconf 72' lang='grc' dir='ltr'>ἄλλον</span> <span class='ocrx_word' id='word_1_64' title='bbox 558 929 699 980; x_wconf 89' lang='grc' dir='ltr'>προς</span> <span class='ocrx_word' id='word_1_65' title='bbox 738 901 811 963; x_wconf 80' lang='grc' dir='ltr'>ὧν</span> <span class='ocrx_word' id='word_1_66' title='bbox 854 903 1057 978; x_wconf 89' lang='grc' dir='ltr'>εθηκαν</span> <span class='ocrx_word' id='word_1_67' title='bbox 1096 902 1332 982; x_wconf 73' lang='grc' dir='ltr'>χρυσὸν,</span> <span class='ocrx_word' id='word_1_68' title='bbox 1377 906 1431 966; x_wconf 84' lang='grc' dir='ltr'>ἐς</span> <span class='ocrx_word' id='word_1_69' title='bbox 1469 928 1534 962; x_wconf 85' lang='grc' dir='ltr'>ου</span> <span class='ocrx_word' id='word_1_70' title='bbox 1575 928 1644 962; x_wconf 89' lang='grc' dir='ltr'>αν</span> <span class='ocrx_word' id='word_1_71' title='bbox 1683 903 1940 963; x_wconf 82' lang='grc' dir='ltr'>πείθωσι·</span> 
     </span>
     <span class='ocr_line' id='line_1_11' title="bbox 336 987 1946 1072; baseline 0.002 -24"><span class='ocrx_word' id='word_1_72' title='bbox 336 987 572 1051; x_wconf 76' lang='grc' dir='ltr'>ἀδικέειν</span> <span class='ocrx_word' id='word_1_73' title='bbox 599 991 658 1050; x_wconf 84' lang='grc' dir='ltr'>δὲ</span> <span class='ocrx_word' id='word_1_74' title='bbox 696 990 1031 1068; x_wconf 75' lang='grc' dir='ltr'>οὐδετέρους·</span> <span class='ocrx_word' id='word_1_75' title='bbox 1074 990 1203 1051; x_wconf 81' lang='grc' dir='ltr'>οὔτε</span> <span class='ocrx_word' id='word_1_76' title='bbox 1227 990 1338 1072; x_wconf 85' lang='grc' dir='ltr'>γοῖρ</span> <span class='ocrx_word' id='word_1_77' title='bbox 1370 989 1570 1055; x_wconf 71' lang='grc' dir='ltr'>αὐτοῦς</span> <span class='ocrx_word' id='word_1_78' title='bbox 1590 994 1694 1050; x_wconf 78' lang='grc' dir='ltr'>τοῦ</span> <span class='ocrx_word' id='word_1_79' title='bbox 1727 995 1946 1070; x_wconf 76' lang='grc' dir='ltr'>χρυσοῦ</span> 
     </span>
     <span class='ocr_line' id='line_1_12' title="bbox 336 1075 2018 1158; baseline 0.003 -23"><span class='ocrx_word' id='word_1_80' title='bbox 336 1075 617 1137; x_wconf 81' lang='grc' dir='ltr'>ἅπτεσθαι</span> <span class='ocrx_word' id='word_1_81' title='bbox 637 1080 769 1155; x_wconf 85' lang='grc' dir='ltr'>πρὶν</span> <span class='ocrx_word' id='word_1_82' title='bbox 795 1078 864 1138; x_wconf 75' lang='grc' dir='ltr'>ἄν</span> <span class='ocrx_word' id='word_1_83' title='bbox 892 1084 1004 1154; x_wconf 89' lang='grc' dir='ltr'>σφι</span> <span class='ocrx_word' id='word_1_84' title='bbox 1025 1078 1290 1158; x_wconf 77' lang='grc' dir='ltr'>οἷπισωθῇ</span> <span class='ocrx_word' id='word_1_85' title='bbox 1305 1081 1379 1158; x_wconf 82' lang='grc' dir='ltr'>τῇ</span> <span class='ocrx_word' id='word_1_86' title='bbox 1399 1077 1528 1158; x_wconf 79' lang='grc' dir='ltr'>οἷξίῃ</span> <span class='ocrx_word' id='word_1_87' title='bbox 1551 1083 1664 1140; x_wconf 78' lang='grc' dir='ltr'>τῶν</span> <span class='ocrx_word' id='word_1_88' title='bbox 1684 1079 1946 1156; x_wconf 86' lang='grc' dir='ltr'>φορτίων,</span> <span class='ocrx_word' id='word_1_89' title='bbox 2013 1127 2018 1130; x_wconf 94' lang='grc'>-</span> 
     </span>
     <span class='ocr_line' id='line_1_13' title="bbox 337 1163 1947 1244; baseline 0.002 -20"><span class='ocrx_word' id='word_1_90' title='bbox 337 1163 452 1224; x_wconf 76' lang='grc' dir='ltr'>οὔτ’</span> <span class='ocrx_word' id='word_1_91' title='bbox 476 1167 711 1229; x_wconf 82' lang='grc' dir='ltr'>ἐκείνους</span> <span class='ocrx_word' id='word_1_92' title='bbox 730 1170 839 1226; x_wconf 77' lang='grc' dir='ltr'>τῶν</span> <span class='ocrx_word' id='word_1_93' title='bbox 862 1167 1108 1244; x_wconf 88' lang='grc' dir='ltr'>φορτίων</span> <span class='ocrx_word' id='word_1_94' title='bbox 1129 1165 1410 1228; x_wconf 75' lang='grc' dir='ltr'>ἅπτεσθαι</span> <span class='ocrx_word' id='word_1_95' title='bbox 1427 1166 1700 1244; x_wconf 85' lang='grc' dir='ltr'>πρότερον</span> <span class='ocrx_word' id='word_1_96' title='bbox 1724 1166 1763 1243; x_wconf 81' lang='grc' dir='ltr'>ἢ</span> <span class='ocrx_word' id='word_1_97' title='bbox 1789 1167 1947 1228; x_wconf 75' lang='grc' dir='ltr'>αὐτοὶ</span> 
     </span>
     <span class='ocr_line' id='line_1_14' title="bbox 336 1251 949 1331; baseline 0 -19"><span class='ocrx_word' id='word_1_98' title='bbox 336 1251 405 1312; x_wconf 83' lang='grc' dir='ltr'>τὸ</span> <span class='ocrx_word' id='word_1_99' title='bbox 428 1254 667 1331; x_wconf 89' lang='grc' dir='ltr'>χρυσίον</span> <span class='ocrx_word' id='word_1_100' title='bbox 696 1253 949 1329; x_wconf 79' lang='grc' dir='ltr'>λάβωσι.</span> 
     </span>
    </p>

    <p class='ocr_par' dir='ltr' id='par_1_2' title="bbox 337 1337 2061 3352">
     <span class='ocr_line' id='line_1_15' title="bbox 424 1337 2038 1419; baseline 0.001 -20"><span class='ocrx_word' id='word_1_101' title='bbox 424 1337 599 1400; x_wconf 84' lang='grc' dir='ltr'>Οὗτοι</span> <span class='ocrx_word' id='word_1_102' title='bbox 632 1341 737 1417; x_wconf 89' lang='grc' dir='ltr'>μέν</span> <span class='ocrx_word' id='word_1_103' title='bbox 779 1345 890 1400; x_wconf 82' lang='grc' dir='ltr'>εἰσι</span> <span class='ocrx_word' id='word_1_104' title='bbox 918 1340 1049 1404; x_wconf 72' lang='grc' dir='ltr'>τοῧς</span> <span class='ocrx_word' id='word_1_105' title='bbox 1081 1340 1242 1417; x_wconf 80' lang='grc' dir='ltr'>ἡμεῖς</span> <span class='ocrx_word' id='word_1_106' title='bbox 1278 1342 1479 1419; x_wconf 79' lang='grc' dir='ltr'>ἔχομεν</span> <span class='ocrx_word' id='word_1_107' title='bbox 1513 1340 1746 1417; x_wconf 83' lang='grc' dir='ltr'>Λιβύων</span> <span class='ocrx_word' id='word_1_108' title='bbox 1782 1340 1904 1401; x_wconf 81' lang='grc' dir='ltr'>ὄνο-</span> <span class='ocrx_word' id='word_1_109' title='bbox 1925 1343 2038 1401; x_wconf 84' lang='grc'>197</span> 
     </span>
     <span class='ocr_line' id='line_1_16' title="bbox 337 1427 1948 1506; baseline 0.001 -20"><span class='ocrx_word' id='word_1_110' title='bbox 337 1427 541 1506; x_wconf 80' lang='grc' dir='ltr'>μάσαι·</span> <span class='ocrx_word' id='word_1_111' title='bbox 590 1429 683 1488; x_wconf 85' lang='grc' dir='ltr'>καὶ</span> <span class='ocrx_word' id='word_1_112' title='bbox 722 1428 931 1489; x_wconf 83' lang='grc' dir='ltr'>τούτων</span> <span class='ocrx_word' id='word_1_113' title='bbox 965 1431 1019 1488; x_wconf 79' lang='grc' dir='ltr'>οἱ</span> <span class='ocrx_word' id='word_1_114' title='bbox 1050 1428 1264 1487; x_wconf 79' lang='grc' dir='ltr'>πολλοὶ</span> <span class='ocrx_word' id='word_1_115' title='bbox 1295 1428 1575 1504; x_wconf 87' lang='grc' dir='ltr'>βασιλέος</span> <span class='ocrx_word' id='word_1_116' title='bbox 1603 1432 1705 1488; x_wconf 81' lang='grc' dir='ltr'>τοῦ</span> <span class='ocrx_word' id='word_1_117' title='bbox 1737 1427 1948 1505; x_wconf 81' lang='grc' dir='ltr'>Μήδων</span> 
     </span>
     <span class='ocr_line' id='line_1_17' title="bbox 341 1514 1950 1593; baseline -0.001 -16"><span class='ocrx_word' id='word_1_118' title='bbox 341 1514 474 1577; x_wconf 80' lang='grc' dir='ltr'>οὔτε</span> <span class='ocrx_word' id='word_1_119' title='bbox 492 1542 549 1576; x_wconf 92' lang='grc' dir='ltr'>τι</span> <span class='ocrx_word' id='word_1_120' title='bbox 576 1520 671 1577; x_wconf 81' lang='grc' dir='ltr'>νῦν</span> <span class='ocrx_word' id='word_1_121' title='bbox 700 1516 827 1576; x_wconf 77' lang='grc' dir='ltr'>οὔτε</span> <span class='ocrx_word' id='word_1_122' title='bbox 852 1515 981 1576; x_wconf 87' lang='grc' dir='ltr'>τότε</span> <span class='ocrx_word' id='word_1_123' title='bbox 1009 1514 1336 1593; x_wconf 88' lang='grc' dir='ltr'>ἐφρόντιζον</span> <span class='ocrx_word' id='word_1_124' title='bbox 1363 1515 1541 1574; x_wconf 77' lang='grc' dir='ltr'>οὐδέν·</span> <span class='ocrx_word' id='word_1_125' title='bbox 1582 1515 1758 1576; x_wconf 87' lang='grc' dir='ltr'>τόσον</span> <span class='ocrx_word' id='word_1_126' title='bbox 1783 1516 1844 1575; x_wconf 86' lang='grc' dir='ltr'>δὲ</span> <span class='ocrx_word' id='word_1_127' title='bbox 1869 1518 1950 1577; x_wconf 86' lang='grc' dir='ltr'>ἔτι</span> 
     </span>
     <span class='ocr_line' id='line_1_18' title="bbox 342 1601 1978 1684; baseline 0.002 -23"><span class='ocrx_word' id='word_1_128' title='bbox 342 1604 451 1684; x_wconf 82' lang='grc' dir='ltr'>ἔχω</span> <span class='ocrx_word' id='word_1_129' title='bbox 480 1607 652 1664; x_wconf 80' lang='grc' dir='ltr'>εἰπεῖν</span> <span class='ocrx_word' id='word_1_130' title='bbox 677 1604 807 1680; x_wconf 85' lang='grc' dir='ltr'>περὶ</span> <span class='ocrx_word' id='word_1_131' title='bbox 830 1607 933 1680; x_wconf 79' lang='grc' dir='ltr'>τῆς</span> <span class='ocrx_word' id='word_1_132' title='bbox 958 1603 1143 1683; x_wconf 81' lang='grc' dir='ltr'>χώρης</span> <span class='ocrx_word' id='word_1_133' title='bbox 1167 1603 1388 1678; x_wconf 75' lang='grc' dir='ltr'>ταύτης,</span> <span class='ocrx_word' id='word_1_134' title='bbox 1408 1601 1496 1671; x_wconf 80' lang='grc' dir='ltr'>ὅτι</span> <span class='ocrx_word' id='word_1_135' title='bbox 1520 1603 1770 1680; x_wconf 85' lang='grc' dir='ltr'>τέσσερα</span> <span class='ocrx_word' id='word_1_136' title='bbox 1790 1603 1950 1665; x_wconf 81' lang='grc' dir='ltr'>ἔθνεα.</span> <span class='ocrx_word' id='word_1_137' title='bbox 1974 1680 1978 1684; x_wconf 29' lang='lat'>¹</span> 
     </span>
     <span class='ocr_line' id='line_1_19' title="bbox 341 1689 1952 1769; baseline 0.001 -18"><span class='ocrx_word' id='word_1_138' title='bbox 341 1691 567 1768; x_wconf 83' lang='grc' dir='ltr'>νέμεται</span> <span class='ocrx_word' id='word_1_139' title='bbox 593 1691 766 1768; x_wconf 77' lang='grc' dir='ltr'>αὐτὴν</span> <span class='ocrx_word' id='word_1_140' title='bbox 794 1691 885 1751; x_wconf 83' lang='grc' dir='ltr'>καὶ</span> <span class='ocrx_word' id='word_1_141' title='bbox 910 1691 975 1752; x_wconf 77' lang='grc' dir='ltr'>οὔ</span> <span class='ocrx_word' id='word_1_142' title='bbox 1001 1691 1158 1752; x_wconf 86' lang='grc' dir='ltr'>πλέω</span> <span class='ocrx_word' id='word_1_143' title='bbox 1177 1690 1400 1762; x_wconf 80' lang='grc' dir='ltr'>τούτων,</span> <span class='ocrx_word' id='word_1_144' title='bbox 1423 1690 1565 1752; x_wconf 82' lang='grc' dir='ltr'>ὅσον</span> <span class='ocrx_word' id='word_1_145' title='bbox 1591 1689 1751 1769; x_wconf 72' lang='grc' dir='ltr'>ἡμεῖς</span> <span class='ocrx_word' id='word_1_146' title='bbox 1775 1691 1952 1769; x_wconf 65' lang='grc' dir='ltr'>ἴδμεν·</span> 
     </span>
     <span class='ocr_line' id='line_1_20' title="bbox 343 1778 1952 1858; baseline 0.002 -21"><span class='ocrx_word' id='word_1_147' title='bbox 343 1780 438 1838; x_wconf 88' lang='grc' dir='ltr'>καὶ</span> <span class='ocrx_word' id='word_1_148' title='bbox 462 1779 534 1839; x_wconf 80' lang='grc' dir='ltr'>τοὶ</span> <span class='ocrx_word' id='word_1_149' title='bbox 562 1782 667 1857; x_wconf 85' lang='grc' dir='ltr'>μὲν</span> <span class='ocrx_word' id='word_1_150' title='bbox 702 1778 800 1839; x_wconf 79' lang='grc' dir='ltr'>δύο</span> <span class='ocrx_word' id='word_1_151' title='bbox 830 1779 1145 1858; x_wconf 75' lang='grc' dir='ltr'>αὐτόχθονα</span> <span class='ocrx_word' id='word_1_152' title='bbox 1180 1784 1291 1840; x_wconf 81' lang='grc' dir='ltr'>τῶν</span> <span class='ocrx_word' id='word_1_153' title='bbox 1319 1780 1531 1851; x_wconf 87' lang='grc' dir='ltr'>ἐθνέων,</span> <span class='ocrx_word' id='word_1_154' title='bbox 1558 1780 1630 1840; x_wconf 79' lang='grc' dir='ltr'>τοὶ</span> <span class='ocrx_word' id='word_1_155' title='bbox 1657 1780 1716 1841; x_wconf 79' lang='grc' dir='ltr'>δὲ</span> <span class='ocrx_word' id='word_1_156' title='bbox 1741 1779 1840 1839; x_wconf 81' lang='grc' dir='ltr'>δύο</span> <span class='ocrx_word' id='word_1_157' title='bbox 1868 1779 1952 1841; x_wconf 75' lang='grc' dir='ltr'>οὔ.</span> 
     </span>
     <span class='ocr_line' id='line_1_21' title="bbox 344 1867 1954 1946; baseline 0.005 -22"><span class='ocrx_word' id='word_1_158' title='bbox 344 1867 557 1942; x_wconf 86' lang='grc' dir='ltr'>Λίβυες</span> <span class='ocrx_word' id='word_1_159' title='bbox 582 1868 685 1944; x_wconf 84' lang='grc' dir='ltr'>μὲν</span> <span class='ocrx_word' id='word_1_160' title='bbox 711 1868 803 1927; x_wconf 86' lang='grc' dir='ltr'>καὶ</span> <span class='ocrx_word' id='word_1_161' title='bbox 828 1868 1094 1931; x_wconf 81' lang='grc' dir='ltr'>Αἰθίοπες</span> <span class='ocrx_word' id='word_1_162' title='bbox 1127 1867 1478 1946; x_wconf 74' lang='grc' dir='ltr'>αὐτόχθονες,</span> <span class='ocrx_word' id='word_1_163' title='bbox 1508 1872 1562 1927; x_wconf 81' lang='grc' dir='ltr'>οἱ</span> <span class='ocrx_word' id='word_1_164' title='bbox 1587 1870 1691 1945; x_wconf 85' lang='grc' dir='ltr'>μὲν</span> <span class='ocrx_word' id='word_1_165' title='bbox 1715 1867 1790 1929; x_wconf 66' lang='grc' dir='ltr'>τσῖ</span> <span class='ocrx_word' id='word_1_166' title='bbox 1815 1869 1954 1946; x_wconf 77' lang='grc' dir='ltr'>πρὸς</span> 
     </span>
     <span class='ocr_line' id='line_1_22' title="bbox 343 1953 1950 2031; baseline 0.002 -19"><span class='ocrx_word' id='word_1_167' title='bbox 343 1954 532 2031; x_wconf 86' lang='grc' dir='ltr'>βορέω</span> <span class='ocrx_word' id='word_1_168' title='bbox 555 1958 627 2013; x_wconf 81' lang='grc' dir='ltr'>.οἱ</span> <span class='ocrx_word' id='word_1_169' title='bbox 668 1955 727 2014; x_wconf 84' lang='grc' dir='ltr'>δὲ</span> <span class='ocrx_word' id='word_1_170' title='bbox 766 1954 837 2014; x_wconf 71' lang='grc' dir='ltr'>τσῖ</span> <span class='ocrx_word' id='word_1_171' title='bbox 876 1953 1019 2031; x_wconf 77' lang='grc' dir='ltr'>πρός</span> <span class='ocrx_word' id='word_1_172' title='bbox 1058 1953 1224 2014; x_wconf 87' lang='grc' dir='ltr'>νότου</span> <span class='ocrx_word' id='word_1_173' title='bbox 1263 1957 1364 2029; x_wconf 85' lang='grc' dir='ltr'>τῆς</span> <span class='ocrx_word' id='word_1_174' title='bbox 1403 1955 1626 2030; x_wconf 88' lang='grc' dir='ltr'>Λιβύης</span> <span class='ocrx_word' id='word_1_175' title='bbox 1665 1956 1950 2020; x_wconf 80' lang='grc' dir='ltr'>οἰκέοντες·</span> 
     </span>
     <span class='ocr_line' id='line_1_23' title="bbox 344 2040 2048 2119; baseline -0.002 -19"><span class='ocrx_word' id='word_1_176' title='bbox 344 2042 597 2107; x_wconf 85' lang='grc' dir='ltr'>Φοίνικες</span> <span class='ocrx_word' id='word_1_177' title='bbox 622 2042 682 2102; x_wconf 83' lang='grc' dir='ltr'>δὲ</span> <span class='ocrx_word' id='word_1_178' title='bbox 713 2044 807 2101; x_wconf 87' lang='grc' dir='ltr'>καὶ</span> <span class='ocrx_word' id='word_1_179' title='bbox 835 2042 1115 2119; x_wconf 86' lang='grc' dir='ltr'>Ἕλληνες</span> <span class='ocrx_word' id='word_1_180' title='bbox 1153 2040 1441 2117; x_wconf 85' lang='grc' dir='ltr'>ἐπήλυδες.</span> <span class='ocrx_word' id='word_1_181' title='bbox 1505 2041 1704 2100; x_wconf 88' lang='grc' dir='ltr'>Δοκέει</span> <span class='ocrx_word' id='word_1_182' title='bbox 1730 2041 1793 2099; x_wconf 89' lang='grc' dir='ltr'>δέ</span> <span class='ocrx_word' id='word_1_183' title='bbox 1815 2068 1915 2117; x_wconf 87' lang='grc' dir='ltr'>μοι</span> <span class='ocrx_word' id='word_1_184' title='bbox 1936 2047 2048 2103; x_wconf 55' lang='grc' dir='ltr'>19ῑὲ</span> 
     </span>
     <span class='ocr_line' id='line_1_24' title="bbox 347 2128 1956 2207; baseline 0 -18"><span class='ocrx_word' id='word_1_185' title='bbox 347 2129 462 2189; x_wconf 77' lang='grc' dir='ltr'>οὐδ’</span> <span class='ocrx_word' id='word_1_186' title='bbox 504 2130 705 2207; x_wconf 76' lang='grc' dir='ltr'>ἀρετήν</span> <span class='ocrx_word' id='word_1_187' title='bbox 752 2131 897 2191; x_wconf 84' lang='grc' dir='ltr'>εἶναί</span> <span class='ocrx_word' id='word_1_188' title='bbox 934 2156 1018 2193; x_wconf 92' lang='grc' dir='ltr'>τις</span> <span class='ocrx_word' id='word_1_189' title='bbox 1062 2129 1101 2205; x_wconf 80' lang='grc' dir='ltr'><em>ἦ</em></span> <span class='ocrx_word' id='word_1_190' title='bbox 1143 2128 1336 2205; x_wconf 85' lang='grc' dir='ltr'>Λιβύη</span> <span class='ocrx_word' id='word_1_191' title='bbox 1383 2128 1678 2206; x_wconf 87' lang='grc' dir='ltr'>σπουδαίη,</span> <span class='ocrx_word' id='word_1_192' title='bbox 1725 2128 1873 2189; x_wconf 78' lang='grc' dir='ltr'>ὥστε</span> <span class='ocrx_word' id='word_1_193' title='bbox 1919 2129 1956 2206; x_wconf 89' lang='grc' dir='ltr'>ἢ</span> 
     </span>
     <span class='ocr_line' id='line_1_25' title="bbox 346 2212 1958 2297; baseline 0.001 -20"><span class='ocrx_word' id='word_1_194' title='bbox 346 2212 517 2297; x_wconf 85' lang='grc' dir='ltr'>Ἀσίῃ</span> <span class='ocrx_word' id='word_1_195' title='bbox 543 2217 580 2295; x_wconf 86' lang='grc' dir='ltr'>ἢ</span> <span class='ocrx_word' id='word_1_196' title='bbox 605 2218 849 2297; x_wconf 76' lang='grc' dir='ltr'>Εῧρῶπῃ</span> <span class='ocrx_word' id='word_1_197' title='bbox 880 2218 1343 2296; x_wconf 83' lang='grc' dir='ltr'>παραβληθῆναι,</span> <span class='ocrx_word' id='word_1_198' title='bbox 1370 2217 1524 2293; x_wconf 76' lang='grc' dir='ltr'>πλὴν</span> <span class='ocrx_word' id='word_1_199' title='bbox 1551 2218 1801 2281; x_wconf 86' lang='grc' dir='ltr'>Κίνυπος</span> <span class='ocrx_word' id='word_1_200' title='bbox 1824 2218 1958 2295; x_wconf 77' lang='grc' dir='ltr'>μού-</span> 
     </span>
     <span class='ocr_line' id='line_1_26' title="bbox 347 2304 1954 2388; baseline -0.002 -19"><span class='ocrx_word' id='word_1_201' title='bbox 347 2332 464 2381; x_wconf 83' lang='grc' dir='ltr'>νης·</span> <span class='ocrx_word' id='word_1_202' title='bbox 504 2306 571 2367; x_wconf 74' lang='grc' dir='ltr'>τὰ</span> <span class='ocrx_word' id='word_1_203' title='bbox 603 2307 715 2388; x_wconf 70' lang='grc' dir='ltr'>γὰρ</span> <span class='ocrx_word' id='word_1_204' title='bbox 750 2307 818 2384; x_wconf 84' lang='grc' dir='ltr'>δὴ</span> <span class='ocrx_word' id='word_1_205' title='bbox 852 2306 985 2367; x_wconf 73' lang='grc' dir='ltr'>αὐτὰ</span> <span class='ocrx_word' id='word_1_206' title='bbox 1026 2306 1239 2385; x_wconf 80' lang='grc' dir='ltr'>οὔνομα</span> <span class='ocrx_word' id='word_1_207' title='bbox 1263 2304 1301 2382; x_wconf 83' lang='grc' dir='ltr'><em>ἦ</em></span> <span class='ocrx_word' id='word_1_208' title='bbox 1327 2308 1405 2385; x_wconf 77' lang='grc' dir='ltr'><em>γῆ</em></span> <span class='ocrx_word' id='word_1_209' title='bbox 1430 2309 1508 2385; x_wconf 76' lang='grc' dir='ltr'>τῷ</span> <span class='ocrx_word' id='word_1_210' title='bbox 1546 2308 1783 2384; x_wconf 77' lang='grc' dir='ltr'>ποταμῷ</span> <span class='ocrx_word' id='word_1_211' title='bbox 1817 2307 1954 2385; x_wconf 79' lang='grc' dir='ltr'>ἔχει·</span> 
     </span>
     <span class='ocr_line' id='line_1_27' title="bbox 349 2392 1962 2475; baseline 0.002 -23"><span class='ocrx_word' id='word_1_212' title='bbox 349 2392 492 2470; x_wconf 78' lang='grc' dir='ltr'>αὕτη</span> <span class='ocrx_word' id='word_1_213' title='bbox 534 2395 593 2454; x_wconf 80' lang='grc' dir='ltr'>δὲ</span> <span class='ocrx_word' id='word_1_214' title='bbox 633 2394 801 2474; x_wconf 82' lang='grc' dir='ltr'>ὁμοίη</span> <span class='ocrx_word' id='word_1_215' title='bbox 852 2398 924 2474; x_wconf 79' lang='grc' dir='ltr'>τῇ</span> <span class='ocrx_word' id='word_1_216' title='bbox 966 2394 1172 2473; x_wconf 79' lang='grc' dir='ltr'>α’,ρίστῃ</span> <span class='ocrx_word' id='word_1_217' title='bbox 1212 2398 1356 2475; x_wconf 82' lang='grc' dir='ltr'>γεῶν</span> <span class='ocrx_word' id='word_1_218' title='bbox 1399 2392 1700 2471; x_wconf 84' lang='grc' dir='ltr'>Δήμητρος</span> <span class='ocrx_word' id='word_1_219' title='bbox 1747 2394 1962 2473; x_wconf 80' lang='grc' dir='ltr'>καρπόν</span> 
     </span>
     <span class='ocr_line' id='line_1_28' title="bbox 353 2480 1992 2564; baseline 0.004 -25"><span class='ocrx_word' id='word_1_220' title='bbox 353 2482 625 2560; x_wconf 86' lang='grc' dir='ltr'>ἐκφέρειν,</span> <span class='ocrx_word' id='word_1_221' title='bbox 651 2482 777 2543; x_wconf 75' lang='grc' dir='ltr'>οὐδὲ</span> <span class='ocrx_word' id='word_1_222' title='bbox 796 2482 915 2543; x_wconf 80' lang='grc' dir='ltr'>οἶκε</span> <span class='ocrx_word' id='word_1_223' title='bbox 936 2482 1094 2543; x_wconf 81' lang='grc' dir='ltr'>οὐδὲν</span> <span class='ocrx_word' id='word_1_224' title='bbox 1110 2486 1186 2562; x_wconf 76' lang='grc' dir='ltr'>τῇ</span> <span class='ocrx_word' id='word_1_225' title='bbox 1206 2480 1358 2561; x_wconf 77' lang='grc' dir='ltr'>ἄλλῃ</span> <span class='ocrx_word' id='word_1_226' title='bbox 1379 2482 1590 2561; x_wconf 81' lang='grc' dir='ltr'>Λιβύῃ·</span> <span class='ocrx_word' id='word_1_227' title='bbox 1617 2481 1963 2564; x_wconf 71' lang='grc' dir='ltr'>μελάγγαιός</span> <span class='ocrx_word' id='word_1_228' title='bbox 1983 2495 1992 2501; x_wconf 89' lang='grc'><strong>”</strong></span> 
     </span>
     <span class='ocr_line' id='line_1_29' title="bbox 350 2569 1958 2651; baseline 0 -20"><span class='ocrx_word' id='word_1_229' title='bbox 350 2596 415 2631; x_wconf 88' lang='grc' dir='ltr'>τε</span> <span class='ocrx_word' id='word_1_230' title='bbox 452 2598 562 2651; x_wconf 87' lang='grc' dir='ltr'>γαρ</span> <span class='ocrx_word' id='word_1_231' title='bbox 605 2576 743 2644; x_wconf 85' lang='grc' dir='ltr'>ἐστι,</span> <span class='ocrx_word' id='word_1_232' title='bbox 788 2570 881 2631; x_wconf 83' lang='grc' dir='ltr'>καὶ</span> <span class='ocrx_word' id='word_1_233' title='bbox 920 2570 1152 2649; x_wconf 83' lang='grc' dir='ltr'>ἔπυδρος</span> <span class='ocrx_word' id='word_1_234' title='bbox 1184 2569 1393 2641; x_wconf 80' lang='grc' dir='ltr'>πίδαξι·</span> <span class='ocrx_word' id='word_1_235' title='bbox 1451 2570 1544 2629; x_wconf 80' lang='grc' dir='ltr'>καὶ</span> <span class='ocrx_word' id='word_1_236' title='bbox 1575 2569 1702 2629; x_wconf 76' lang='grc' dir='ltr'>οὔτε</span> <span class='ocrx_word' id='word_1_237' title='bbox 1735 2596 1958 2649; x_wconf 91' lang='grc' dir='ltr'>αυχμου</span> 
     </span>
     <span class='ocr_line' id='line_1_30' title="bbox 354 2656 1963 2769; baseline -0.003 -51"><span class='ocrx_word' id='word_1_238' title='bbox 354 2660 737 2769; x_wconf 83' lang='grc' dir='ltr'>φροντίζουσα</span> <span class='ocrx_word' id='word_1_239' title='bbox 770 2657 945 2733; x_wconf 73' lang='grc' dir='ltr'>οὐδὲν,</span> <span class='ocrx_word' id='word_1_240' title='bbox 974 2684 1103 2719; x_wconf 85' lang='grc' dir='ltr'>ουτε</span> <span class='ocrx_word' id='word_1_241' title='bbox 1135 2657 1358 2736; x_wconf 80' lang='grc' dir='ltr'>ὄμβρον</span> <span class='ocrx_word' id='word_1_242' title='bbox 1389 2657 1545 2716; x_wconf 83' lang='grc' dir='ltr'>πλέω</span> <span class='ocrx_word' id='word_1_243' title='bbox 1569 2660 1784 2716; x_wconf 82' lang='grc' dir='ltr'>πιοῦσα.</span> <span class='ocrx_word' id='word_1_244' title='bbox 1792 2656 1963 2763; x_wconf 59' lang='grc' dir='ltr'>Αδεδή-</span> 
     </span>
     <span class='ocr_line' id='line_1_31' title="bbox 355 2740 1964 2827; baseline 0.001 -23"><span class='ocrx_word' id='word_1_245' title='bbox 355 2740 544 2822; x_wconf 88' lang='grc' dir='ltr'>ληται·</span> <span class='ocrx_word' id='word_1_246' title='bbox 600 2773 757 2807; x_wconf 88' lang='grc' dir='ltr'>υεται</span> <span class='ocrx_word' id='word_1_247' title='bbox 797 2746 909 2827; x_wconf 83' lang='grc' dir='ltr'>γοῖρ</span> <span class='ocrx_word' id='word_1_248' title='bbox 958 2745 1025 2823; x_wconf 90' lang='grc' dir='ltr'>δη</span> <span class='ocrx_word' id='word_1_249' title='bbox 1072 2750 1250 2806; x_wconf 80' lang='grc' dir='ltr'>ταῦτα</span> <span class='ocrx_word' id='word_1_250' title='bbox 1292 2749 1394 2821; x_wconf 82' lang='grc' dir='ltr'>τῆς</span> <span class='ocrx_word' id='word_1_251' title='bbox 1438 2742 1680 2820; x_wconf 81' lang='grc' dir='ltr'>Λιβύης·</span> <span class='ocrx_word' id='word_1_252' title='bbox 1741 2746 1850 2803; x_wconf 76' lang='grc' dir='ltr'>τῶν</span> <span class='ocrx_word' id='word_1_253' title='bbox 1903 2745 1964 2805; x_wconf 89' lang='grc' dir='ltr'>δε</span> 
     </span>
     <span class='ocr_line' id='line_1_32' title="bbox 357 2832 1960 2913; baseline -0.002 -20"><span class='ocrx_word' id='word_1_254' title='bbox 357 2835 633 2912; x_wconf 85' lang='grc' dir='ltr'>ἐκφορίων</span> <span class='ocrx_word' id='word_1_255' title='bbox 656 2838 757 2894; x_wconf 80' lang='grc' dir='ltr'>τοῦ</span> <span class='ocrx_word' id='word_1_256' title='bbox 779 2838 993 2911; x_wconf 81' lang='grc' dir='ltr'>καρποῦ</span> <span class='ocrx_word' id='word_1_257' title='bbox 1019 2860 1194 2893; x_wconf 88' lang='grc' dir='ltr'>ταυτα</span> <span class='ocrx_word' id='word_1_258' title='bbox 1220 2833 1398 2910; x_wconf 90' lang='grc' dir='ltr'>μέτρα</span> <span class='ocrx_word' id='word_1_259' title='bbox 1422 2836 1494 2909; x_wconf 79' lang='grc' dir='ltr'>τῇ</span> <span class='ocrx_word' id='word_1_260' title='bbox 1522 2832 1862 2911; x_wconf 84' lang='grc' dir='ltr'>Βαβυλωνίῃ</span> <span class='ocrx_word' id='word_1_261' title='bbox 1881 2838 1960 2913; x_wconf 76' lang='grc' dir='ltr'>γῇ</span> 
     </span>
     <span class='ocr_line' id='line_1_33' title="bbox 358 2918 1966 3003; baseline -0.001 -23"><span class='ocrx_word' id='word_1_262' title='bbox 358 2922 705 2982; x_wconf 89' lang='grc' dir='ltr'>κατίσταται.</span> <span class='ocrx_word' id='word_1_263' title='bbox 804 2920 989 3003; x_wconf 81' lang='grc' dir='ltr'>οἷγαθῆ</span> <span class='ocrx_word' id='word_1_264' title='bbox 1044 2921 1103 2979; x_wconf 86' lang='grc' dir='ltr'>δὲ</span> <span class='ocrx_word' id='word_1_265' title='bbox 1155 2924 1232 2999; x_wconf 84' lang='grc' dir='ltr'>’γῆ</span> <span class='ocrx_word' id='word_1_266' title='bbox 1287 2921 1379 2978; x_wconf 87' lang='grc' dir='ltr'>καὶ</span> <span class='ocrx_word' id='word_1_267' title='bbox 1429 2946 1534 2995; x_wconf 91' lang='grc' dir='ltr'>την</span> <span class='ocrx_word' id='word_1_268' title='bbox 1587 2918 1966 2998; x_wconf 77' lang='grc' dir='ltr'>Εὐεσπερῖται</span> 
     </span>
     <span class='ocr_line' id='line_1_34' title="bbox 358 3006 1966 3089; baseline -0.002 -20"><span class='ocrx_word' id='word_1_269' title='bbox 358 3012 636 3087; x_wconf 87' lang='grc' dir='ltr'>νέμονται·</span> <span class='ocrx_word' id='word_1_270' title='bbox 708 3008 792 3069; x_wconf 86' lang='grc' dir='ltr'>ἐπ’</span> <span class='ocrx_word' id='word_1_271' title='bbox 842 3008 1117 3068; x_wconf 84' lang='grc' dir='ltr'>ἔκατοστα</span> <span class='ocrx_word' id='word_1_272' title='bbox 1169 3008 1294 3089; x_wconf 73' lang='grc' dir='ltr'>γὰρ,</span> <span class='ocrx_word' id='word_1_273' title='bbox 1357 3006 1522 3067; x_wconf 83' lang='grc' dir='ltr'>ἐπεοὶν</span> <span class='ocrx_word' id='word_1_274' title='bbox 1574 3006 1714 3083; x_wconf 82' lang='grc' dir='ltr'>αὗτή</span> <span class='ocrx_word' id='word_1_275' title='bbox 1766 3012 1966 3083; x_wconf 86' lang='grc' dir='ltr'>εωυτῆς</span> 
     </span>
     <span class='ocr_line' id='line_1_35' title="bbox 358 3096 1968 3177; baseline -0.001 -21"><span class='ocrx_word' id='word_1_276' title='bbox 358 3097 567 3176; x_wconf 75' lang='grc' dir='ltr'>ἄριστα</span> <span class='ocrx_word' id='word_1_277' title='bbox 616 3099 811 3177; x_wconf 86' lang='grc' dir='ltr'>ἐνείκῃ,</span> <span class='ocrx_word' id='word_1_278' title='bbox 868 3098 1107 3174; x_wconf 83' lang='grc' dir='ltr'>ἐκφέρει·</span> <span class='ocrx_word' id='word_1_279' title='bbox 1178 3121 1214 3171; x_wconf 93' lang='grc' dir='ltr'>η</span> <span class='ocrx_word' id='word_1_280' title='bbox 1271 3096 1332 3155; x_wconf 83' lang='grc' dir='ltr'>δὲ</span> <span class='ocrx_word' id='word_1_281' title='bbox 1378 3100 1436 3155; x_wconf 87' lang='grc' dir='ltr'>ἐν</span> <span class='ocrx_word' id='word_1_282' title='bbox 1480 3099 1552 3174; x_wconf 83' lang='grc' dir='ltr'>τῇ</span> <span class='ocrx_word' id='word_1_283' title='bbox 1600 3096 1824 3167; x_wconf 82' lang='grc' dir='ltr'>Κίνυπι,</span> <span class='ocrx_word' id='word_1_284' title='bbox 1876 3096 1968 3156; x_wconf 82' lang='grc' dir='ltr'>ἐπὶ</span> 
     </span>
     <span class='ocr_line' id='line_1_36' title="bbox 359 3182 2061 3263; baseline -0.004 -16"><span class='ocrx_word' id='word_1_285' title='bbox 359 3185 677 3263; x_wconf 86' lang='grc' dir='ltr'>τριηκόσια.</span> <span class='ocrx_word' id='word_1_286' title='bbox 736 3183 901 3263; x_wconf 86' lang='grc' dir='ltr'>Ἔχει</span> <span class='ocrx_word' id='word_1_287' title='bbox 934 3185 993 3244; x_wconf 80' lang='grc' dir='ltr'>δὲ</span> <span class='ocrx_word' id='word_1_288' title='bbox 1032 3184 1125 3243; x_wconf 84' lang='grc' dir='ltr'>καὶ</span> <span class='ocrx_word' id='word_1_289' title='bbox 1154 3182 1193 3260; x_wconf 78' lang='grc' dir='ltr'><em>ἦ</em></span> <span class='ocrx_word' id='word_1_290' title='bbox 1228 3184 1516 3261; x_wconf 89' lang='grc' dir='ltr'>Κυρηναίη</span> <span class='ocrx_word' id='word_1_291' title='bbox 1549 3182 1724 3263; x_wconf 74' lang='grc' dir='ltr'>χώρη,</span> <span class='ocrx_word' id='word_1_292' title='bbox 1755 3188 1928 3244; x_wconf 81' lang='grc' dir='ltr'>ἐοῦσα</span> <span class='ocrx_word' id='word_1_293' title='bbox 1947 3184 2061 3243; x_wconf 85' lang='grc'>199</span> 
     </span>
     <span class='ocr_line' id='line_1_37' title="bbox 359 3271 1968 3352; baseline -0.001 -19"><span class='ocrx_word' id='word_1_294' title='bbox 359 3271 692 3352; x_wconf 72' lang='grc' dir='ltr'>ὑψηλοτάτη</span> <span class='ocrx_word' id='word_1_295' title='bbox 748 3273 952 3348; x_wconf 76' lang='grc' dir='ltr'>ταύτης</span> <span class='ocrx_word' id='word_1_296' title='bbox 1012 3276 1113 3347; x_wconf 83' lang='grc' dir='ltr'>τῆς</span> <span class='ocrx_word' id='word_1_297' title='bbox 1171 3271 1392 3349; x_wconf 84' lang='grc' dir='ltr'>Λιβύης</span> <span class='ocrx_word' id='word_1_298' title='bbox 1447 3271 1552 3348; x_wconf 81' lang='grc' dir='ltr'>τήν</span> <span class='ocrx_word' id='word_1_299' title='bbox 1599 3274 1654 3331; x_wconf 80' lang='grc' dir='ltr'>οἱ</span> <span class='ocrx_word' id='word_1_300' title='bbox 1707 3271 1968 3348; x_wconf 79' lang='grc' dir='ltr'>Νομάδες</span> 
     </span>
    </p>
   </div>
   <div class='ocr_carea' id='block_1_2' title="bbox 2151 3262 2220 3335">
    <p class='ocr_par' dir='ltr' id='par_1_3' title="bbox 2151 3262 2220 3335">
     <span class='ocr_line' id='line_1_38' title="bbox 2151 3262 2220 3335; baseline 0 0"><span class='ocrx_word' id='word_1_301' title='bbox 2151 3308 2174 3335; x_wconf 69' lang='grc'><em>,</em></span> <span class='ocrx_word' id='word_1_302' title='bbox 2213 3262 2220 3335; x_wconf 89' lang='grc' dir='ltr'>Ι</span> 
     </span>
    </p>
   </div>
  </div>
 </body>
</html>
