2250 3500
326 119 609 182 200—203]
904 119 1356 168 MEAIIOMENH.
1837 119 1930 166 36].

328 199 681 279 χρήσασθαι·
707 197 813 274 τὴν
836 198 897 257 δὲ
916 197 1226 278 ὁμολογίην
1247 202 1530 258 ἐποιεῦντο
1548 196 1766 272 τοιήνδε
1789 196 1931 268 τινὰ,

330 288 423 346 ε’πὶ
452 290 554 363 τῆς
594 289 839 363 κρυπτῆς
870 286 1091 362 τάφρου
1128 285 1427 363 τάμνοντες
1461 286 1640 362 ὅρκια·
1683 288 1736 348 ἔς
1774 284 1822 343 τ’
1865 282 1934 345 ἂν

326 375 365 450 ἦ
400 379 476 456 γῆ
514 375 653 450 αὕτη
686 373 828 433 οὕτω
867 375 983 452 ἔχῃ,
1024 376 1210 450 μένειν
1246 375 1310 433 rt)
1349 374 1534 450 ὅρκιον
1563 373 1704 433 κατὰ
1729 373 1932 452 χώρην,

329 461 423 522 καὶ
462 463 775 539 Βαρκαίους
811 488 873 521 τε
914 462 1236 522 ὖποτελὲειν
1277 461 1452 536 φάναι
1493 459 1656 536 άξίην
1693 462 1934 536 βασιλέϊ

330 551 423 610 καὶ
460 551 690 626 Πέρσας
724 549 897 625 μηδὲν
930 548 1081 609 α”λλο
1114 555 1390 629 νεοχμοῦν
1427 548 1566 608 κατοὶ
1603 548 1931 625 Βαρκαίους·

326 637 471 714 μετα
506 637 567 696 δὲ
600 637 667 696 τὸ
705 636 909 714 ὅρκιον,
938 641 1212 715 Βαρκαῖοι
1246 640 1350 715 μὲν
1382 637 1784 698 πιστεύσαντες
1810 633 1934 694 τού-

330 751 487 784 τοισι
522 724 685 784 αὐτοί
714 750 777 784 τε
810 724 1039 800 ε’ξήῖσαν
1067 731 1130 784 ἐκ
1160 729 1260 786 τοῦ
1288 724 1490 787 ἄστεος
1517 724 1608 782 καὶ
1633 727 1743 783 τῶν
1767 727 1933 781 πολε-

326 812 468 888 μίων
504 812 602 872 ἔων
636 813 893 888 παριέναι
920 819 974 876 ἐς
1000 814 1066 874 τὰ
1092 817 1281 892 τεῖχος
1309 812 1408 872 τὸν
1439 810 1810 888 βουλόμενον,
1835 810 1936 872 τοὶς

328 899 513 962 πύλας
530 899 719 961 πάσας
736 899 1067 969 ἀνοίξαντες·
1096 905 1152 960 οἱ
1172 902 1231 960 δὲ
1251 901 1476 978 Πέρσαι
1498 898 1935 976 καταρρήξαντες

327 987 432 1063 τήν
452 987 699 1064 κρυπτὴν
718 989 971 1068 γέφυραν
992 991 1146 1050 ἔθεον
1173 991 1283 1049 ἔσω
1311 993 1364 1051 ἐς
1390 988 1456 1048 τὰ
1483 991 1686 1066 τεῖχος.
1745 988 1934 1064 κατέρ-

325 1075 503 1152 ρηξαν
528 1076 588 1134 δὲ
612 1075 773 1135 τοῦδε
801 1076 979 1136 εἵνεκα
1004 1076 1108 1154 τήν
1135 1078 1409 1153 ἐποίησαν
1427 1077 1694 1157 γέφυραν,
1725 1075 1813 1134 ἵνα
1841 1080 1930 1151 ἐμ-

328 1163 677 1241 πεδορκέοιεν
701 1163 970 1239 ταμόντες
989 1171 1144 1226 τοῖσι
1164 1166 1498 1242 Βαρκαίοισι
1519 1161 1722 1242 χρόνον
1748 1164 1934 1239 μένειν

330 1252 438 1311 αἰεὶ
460 1249 527 1312 τὰ
555 1250 742 1328 ὅρκιον
770 1250 909 1312 ὅσον
935 1251 1003 1314 ἂν
1030 1254 1067 1329 ἦ
1094 1259 1170 1334 γῆ
1190 1256 1330 1331 μένῃ
1365 1250 1506 1311 κατοὶ
1531 1251 1602 1310 τοὶ
1630 1250 1759 1310 τότε
1797 1250 1930 1329 εἶχε·

330 1338 710 1416 καταρρήξασι
737 1339 795 1398 δὲ
823 1341 1005 1400 οὐκέτι
1032 1344 1188 1418 ἔμενε
1214 1340 1290 1426 τᾷ
1309 1339 1495 1416 ὅρκιον
1524 1337 1664 1397 κατὰ
1691 1337 1894 1415 χώρην.

410 1425 555 1490 'robs-
598 1428 701 1503 μέν
732 1453 831 1487 νυν
864 1429 1218 1492 αἰτιωτάτους
1251 1431 1360 1488 τῶν
1396 1426 1690 1502 Βαρκαίων
1720 1424 1758 1500 ἦ
1793 1433 1892 1484 Φε-
1911 1429 2028 1484 202

327 1516 545 1592 ρετίμη,
586 1517 711 1574 ε’πεί
748 1541 809 1575 τε
858 1519 911 1575 οἱ
954 1522 1014 1577 ἐκ
1062 1522 1173 1578 τῶν
1215 1515 1482 1592 Περσέων
1523 1513 1933 1590 παρεδόθησαν,

329 1601 745 1664 ἀνεσκολόπισε
783 1604 965 1684 κύκλῳ
994 1609 1096 1665 τοῦ
1129 1606 1358 1683 τείχεος,
1383 1606 1492 1662 τῶν
1520 1602 1582 1661 δέ
1612 1607 1724 1676 σφι
1749 1627 1932 1679 γυναι-

330 1694 443 1751 κῶν
466 1693 593 1755 τούς
611 1691 821 1769 μαζοῦς
841 1692 1219 1772 ἀποταμοῦσα
1238 1691 1552 1771 περιέστιξε
1573 1689 1665 1751 καὶ
1683 1688 1936 1751 τούτοισι

327 1777 397 1838 τὰ
442 1783 644 1858 τεῖχος·
702 1780 833 1844 τοῦς
876 1781 935 1840 δὲ
981 1782 1215 1845 λοιποῦς
1266 1784 1377 1841 τῶν
1429 1780 1718 1857 Βαρκαίων
1769 1780 1936 1855 ληΐην

330 1866 593 1928 ἐκέλευσε
620 1866 823 1927 θέσθαι
846 1869 976 1933 τοῦς
996 1871 1245 1947 Πέρσας,
1266 1867 1419 1943 πλὴν
1439 1867 1568 1927 ὅσοι
1587 1866 1767 1927 αὐτῶν
1787 1866 1938 1941 ἦσαν

330 1952 635 2012 Βαττιάδαι
669 1980 730 2015 τε
768 1957 861 2015 καὶ
892 1960 993 2017 τοῦ
1033 1956 1212 2033 φόνου
1249 1954 1313 2015 οὗ
1347 1955 1640 2030 μεταίτιοι·
1683 1954 1938 2015 τούτοισι

328 2043 392 2102 δὲ
417 2041 522 2118 τήν
547 2042 717 2105 πόλιν
744 2046 1010 2124 ἐπέτρεψε
1038 2045 1075 2121 ἦ
1103 2042 1399 2122 Φερετίμη.

412 2130 555 2195 'rofi-s·
596 2130 670 2193 ὧν
711 2133 778 2208 δὴ
820 2134 1054 2197 λοιποῦς
1087 2136 1198 2193 τῶν
1243 2129 1535 2207 Βαρκαίων
1578 2130 1633 2186 οἱ
1674 2128 1898 2204 Πέρσαι
1916 2131 2033 2189 203

330 2216 873 2298 άνδραποδισάμενοι
900 2220 1160 2300 οἷπῄεσαν
1180 2220 1380 2280 ὀπίσω·
1411 2218 1503 2276 καὶ
1529 2217 1653 2275 ἐπεί
1673 2242 1736 2275 τε
1757 2218 1849 2275 ε’πὶ
1867 2222 1938 2295 τῇ

332 2310 661 2386 Κυρηναίων
712 2309 852 2369 πόλι
908 2310 1244 2387 ἐπέστησαν,
1291 2310 1344 2367 οἱ
1392 2304 1698 2382 Κυρηναίοι
1742 2303 1944 2385 λόγιόν

328 2421 387 2454 τι
431 2394 826 2475 ἀποσιεύμενοι
868 2398 1125 2473 ’διεξῆκαν
1173 2394 1373 2459 αὐτοῦς
1421 2393 1511 2453 διαῖ
1556 2396 1659 2453 τοῦ
1716 2392 1936 2457 ἄστεος·
1977 2415 2006 2425 “

330 2482 643 2561 διεξιούσης
678 2486 737 2545 δὲ
767 2491 868 2562 τῆς
904 2490 1187 2563 στρατιῆς,
1224 2483 1446 2561 Βάδρης
1480 2483 1584 2560 μὲν
1612 2480 1643 2541 ὁ
1675 2487 1776 2543 τοῦ
1814 2508 1940 2543 ναυ-

328 2575 486 2631 τικοῦ
512 2577 759 2651 στρατοῦ
788 2572 1104 2655 στρατηγός
1139 2572 1355 2649 ἐκέλευε
1382 2571 1584 2648 αἱρέειν
1611 2569 1714 2644 τὴν
1753 2570 1938 2639 πόλιν,

324 2662 574 2735 Ἄμασις
620 2661 678 2720 δὲ
721 2660 753 2721 ὅ
794 2665 895 2722 τοῦ
944 2663 1113 2732 πεζοῦ
1157 2660 1255 2720 οὔκ
1298 2661 1378 2719 ἔα·
1421 2657 1512 2717 ἐπὶ
1560 2655 1785 2733 Βάρκην
1829 2656 1939 2737 γὰρ

238 2802 268 2817 ,
330 2744 726 2823 ἀποσταλῆναι
754 2748 966 2828 μούνην
1000 2748 1310 2824 Ἑλληνίδα
1342 2746 1533 2805 πόλιν·
1585 2748 1638 2805 ἐς
1671 2742 1704 2803 ὃ
1735 2744 1940 2812 διεξελ-

330 2834 499 2895 θοῦσι
542 2837 635 2895 καὶ
666 2838 971 2915 ἱζομένοισι
1008 2838 1098 2896 ἐπὶ
1135 2836 1270 2898 Διός
1295 2833 1542 2893 Λυκαίου
1577 2828 1750 2910 ὄχθον
1783 2856 1939 2908 μετε-

329 2922 555 2999 μέλησέ
586 2931 699 3001 σφι
736 2924 801 2983 οὔ
829 2930 1043 3005 σχοῦσι
1078 2924 1184 3000 τήν
1221 2920 1498 2999 Κυρήνην,
1529 2922 1620 2981 καὶ
1647 2924 1940 2997 ἐπειρῶντο

328 3008 397 3070 τό
432 3010 685 3089 δεύτερον
724 3016 977 3091 παριέναι
1014 3018 1067 3075 ἐς
1106 3011 1296 3087 αὐτήν·
1342 3014 1394 3070 οἱ
1428 3010 1486 3068 δὲ
1521 3012 1828 3087 Κυρηναῖοι
1875 3006 1940 3067 οὔ

330 3099 650 3178 περιώρεον.
731 3106 883 3161 τοῖσι
920 3102 978 3159 δὲ
1022 3101 1303 3179 Πέρσῃσι,
1342 3097 1560 3162 οὖδενός
1595 3096 1937 3175 μαχομένου,

332 3186 522 3262 φόβος
580 3190 825 3249 ἐνέπεσε·
894 3188 1308 3267 ἀποδραμόντες
1361 3212 1422 3246 τε
1475 3185 1614 3246 ὅσον
1669 3184 1937 3261 ἑξήκοντα

332 3272 555 3347 στάδια,
596 3277 797 3346 ἵζοντο·
855 3276 1128 3352 ἱδρυθέντι
1167 3276 1226 3335 δὲ
1256 3278 1333 3354 τῷ
1367 3273 1728 3351 στρατοπέδῳ
1762 3271 1936 3349 ταύτῃ
