2250 3500
969 540 1441 610 LECTORI.

1101 723 1319 774 —4—-'

361 861 583 915 Pnonrr
634 860 840 914 iterum
899 855 1223 912 Herodotus
1268 857 1421 926 q'uod
1468 857 1543 912 ad
1586 859 1805 913 tex-tum
1857 859 2057 916 attinet

361 951 619 1006 editionis
651 949 948 1019 superioris
977 948 1174 1002 faeiem
1205 947 1366 1016 plane
1396 949 1653 1004 referens.
1726 949 2057 1009 Paucissima

359 1042 522 1108 enim,
556 1059 618 1096 re
650 1041 791 1095 bene
825 1033 1110 1111 perpensa,
1138 1039 1223 1094 his
1258 1039 1509 1094 secundis
1544 1041 1687 1095 ctu-is
1718 1042 2055 1102 immutanda

363 1135 636 1203 duximus,
677 1135 781 1189 nisi
824 1133 974 1202 quod
1018 1133 1299 1201 aliquanto
1339 1135 1515 1188 rarius
1560 1135 2059 1206 interpungendum

359 1228 684 1283 censuimus.
745 1225 955 1280 Verum
987 1225 1281 1294 enimver0,
1306 1227 1749 1296 quandoquidem
1780 1228 1915 1283 haec
1944 1231 2059 1286 edi-

358 1321 438 1375 tio
459 1337 570 1375 non
599 1320 762 1374 modo
785 1319 1037 1373 manibus
1067 1319 1345 1374 studiosae
1368 1319 1681 1388 juventutis
1703 1323 1937 1377 terenda
1957 1327 2059 1390 est,
2140 1383 2149 1396 ⁸

362 1413 466 1468 sed
509 1415 678 1468 etiam
719 1413 906 1466 usibus
944 1413 1225 1467 hominum
1265 1412 1637 1467 litteratorum
1676 1431 1907 1484 peregre
1940 1433 2061 1486 pro-

361 1505 724 1559 ficiscentium
746 1505 1010 1560 inservire
1029 1505 1161 1571 vult,
1179 1521 1353 1575 pauca
1371 1505 1655 1573 quaedam,
1676 1523 1816 1574 quae
1836 1507 1893 1560 in
1916 1508 2063 1574 notis

359 1599 588 1654 editioni
613 1599 808 1668 majori
833 1598 1096 1668 subjectis
1113 1599 1287 1652 fusius
1305 1615 1533 1653 exmsa
1554 1602 1697 1667 sunt,
1714 1599 1803 1654 hio
1819 1583 2061 1658 breriter

357 1691 632 1746 monenda
655 1691 942 1759 videntur-3
976 1709 1048 1746 ne
1070 1692 1123 1760 ii,
1149 1692 1346 1762 quibus
1368 1692 1599 1748 facultas
1622 1693 1789 1747 detur
1811 1694 2061 1763 regiones

359 1803 392 1840 a
423 1786 591 1841 Patre
619 1787 901 1841 Historiae
927 1786 1231 1857 descriptas
1253 1786 1537 1855 lustrandi,
1564 1787 1723 1842 simul
1746 1792 1915 1859 atque
1936 1805 2060 1857 per-.

362 1885 610 1949 spectum
633 1884 640 1888 ’
666 1881 958 1935 habuerint
1007 1880 1281 1935 illustrem
1328 1881 1649 1951 scriptorem
1696 1883 1768 1937 ad
1812 1899 2058 1937 normam

359 1972 654 2027 hodiernae
693 1973 922 2027 Oritiees
965 1972 1207 2027 revocari
1240 1990 1349 2027 non
1388 1989 1563 2042 posse,
1604 1974 1879 2043 extemplo
1917 1988 2058 2041 eum,

359 2069 622 2135 tanquam
641 2082 904 2135 nugacem
927 2066 1249 2120 fabellarum
1268 2067 1689 2135 conquisitorem
1708 2069 2060 2120 contemnant

363 2157 747 2226 abjiciantque.
809 2158 970 2223 Quod
993 2159 1038 2213 si
1064 2159 1187 2227 quis
1209 2158 1415 2221 fecerit,
1438 2158 1487 2209 is
1508 2157 1659 2210 nullo
1683 2154 1907 2224 quidem
1927 2155 2057 2224 jure

358 2249 564 2304 fecerit.
639 2250 781 2304 Nam
811 2267 878 2305 eo
900 2250 1040 2305 vixit
1071 2252 1323 2317 tempore
1348 2246 1681 2314 HerodotuS,
1703 2247 1761 2301 in
1784 2263 1893 2317 quo
1920 2264 2061 2303 com-

359 2344 561 2397 mercia
614 2343 840 2397 humani
897 2343 1116 2413 generis
1170 2358 1335 2409 aegre
1392 2340 1711 2410 agebantur.
1795 2340 2058 2396 Periculis

361 2434 688 2488 omnimodis
724 2437 854 2488 tunc
891 2434 1157 2503 temporis
1198 2432 1484 2488 scatebant
1524 2434 1673 2502 viae;
1718 2450 1819 2490 nec
1860 2435 2059 2503 singuli

361 2525 818 2593 peregdnatores,
849 2526 992 2580 sicut
1022 2526 1201 2595 hodie,
1208 2526 1333 2606 ,sed
1365 2526 1701 2596 catervatim,
1726 2528 1893 2581 certis
1923 2530 2059 2581 tem-

362 2622 590 2690 poribus
631 2621 706 2674 ad
745 2624 898 2675 certa
938 2620 1057 2675 loca
1091 2620 1380 2674 convenire
1421 2620 1670 2674 solebant
1710 2623 2059 2687 mereatoreS,

361 2730 498 2781 quos
551 2730 678 2782 spes
735 2712 874 2766 lucri
927 2712 1000 2766 ad
1057 2713 1381 2782 longinquas
1432 2713 1682 2781 regiones
1732 2711 2059 2765 adduxerat.

362 2805 688 2872 Quinetiam,
710 2822 852 2874 quae
873 2822 964 2859 res
986 2805 1212 2859 maximi
1236 2809 1323 2860 est
1346 2806 1626 2872 momenti,
1645 2804 1755 2859 vim
1778 2804 2059 2857 hominum

359 2897 689 2977 incultorum
716 2902 776 2954 et
803 2900 877 2953 ad
905 2901 1034 2955 lites
1069 2900 1443 2970 praedamque
1478 2898 1890 2969 propensiorum
1921 2895 2060 2949 nihil

362 2994 484 3045 erat
508 2993 656 3061 quod
679 2992 974 3061 cohiberet,
987 2992 1103 3055 ⁴nisi
1132 2992 1327 3062 religio
1354 2992 1590 3045 numinis
1615 2988 1765 3059 quod
1794 2987 1971 3041 locum
1998 2987 2057 3040 in

361 3098 528 3151 quem
543 3088 868 3139 conventum
887 3087 1008 3139 erat
1025 3084 1305 3139 custodire
1320 3082 1633 3151 putabatur.
1690 3078 1835 3132 Hinc
1851 3080 2057 3132 factum

361 3178 450 3229 est
470 3180 536 3229 ut
561 3176 872 3246 ubicunque
895 3177 1144 3245 gentium
1172 3192 1376 3243 magna
1397 3172 1765 3226 mercatorum
1790 3172 2058 3225 existeret

361 3266 692 3336 frequentia,
726 3268 804 3321 ibi
839 3268 1206 3351 clarescerent
1240 3266 1466 3319 deorum
1501 3263 1723 3330 templa,
1758 3262 2019 3327 eademqv
