2250 3500
330 126 553 191 22-25]
1027 128 1298 181 mmm.
1832 132 1930 183 211

328 205 462 283 ζόης
487 208 581 267 καὶ
604 206 817 284 διαίτης
839 206 987 284 πέρι,
1014 207 1141 267 ἔτεα
1162 209 1268 284 μὲν
1293 212 1350 274 ἐς
1375 207 1582 269 ἐείκοσι
1613 207 1708 269 καὶ
1739 206 1936 271 ἐκατόν

328 295 461 361 τοῦς
497 294 751 359 πολλοὺς
794 293 974 355 αὗτῶν
1019 293 1400 366 ἀπικνέεσθαι,
1439 294 1828 372 ὖπερβάλλειν
1865 296 1931 358 δέ

328 408 482 447 τινας
522 383 615 443 καὶ
651 386 848 443 ταῦτα·
910 382 1141 459 σίτησιν
1179 383 1240 441 δὲ
1281 382 1420 442 εἶναι
1459 384 1593 460 κρέα
1632 383 1798 459 ἐφθιὶ,
1839 384 1934 446 καὶ

328 470 488 547 πόμα
512 470 683 552 γάλα·
726 471 921 547 θὸυμα
952 470 1013 531 δὲ
1044 471 1383 547 ποιευμένων
1416 475 1528 531 τῶν
1562 470 1932 533 κατασκόπων

328 559 459 636 περὶ
489 563 603 618 τῶν
633 558 831 629 ἐτέων,
840 558 933 617 ἐπὶ
966 558 1174 635 κρήνην
1209 564 1322 634 σφι
1351 556 1703 639 ἡγήσασθαι·
1743 556 1840 619 ἀπ’
1863 556 1934 637 ἧς

327 645 628 723 λουόμενοι
661 645 1090 723 λιπαρώτεροι’
1062 646 1329 727 εγίνοντο,
1367 644 1614 723 κατάπερ
1655 650 1705 706 εἰ
1740 648 1934 709 ἐλαιου

330 734 435 810 εἴη·
488 731 635 805 ὄζειν
674 733 736 793 δε
774 731 870 793 ἀπ’
910 732 1082 810 αὗτῆς
1121 731 1256 793 ωσεὶ
1295 734 1411 794 ἴων.
1493 732 1726 798 ἀσθενὲς
1765 733 1826 793 δὲ
1861 760 1930 796 το

327 821 472 900 ὕδωρ
496 826 600 897 τῆς
630 820 833 900 κρήνης
861 821 1067 898 ταύτης
1104 820 1246 883 οὕτω
1283 821 1354 898 δή
1391 846 1450 881 τι
1489 822 1686 902 ἔλεγον
1711 820 1850 881 εἶναι
1875 826 1932 883 οἰ

331 907 698 981 κατάσκοποι,
740 910 885 971 ὥστε
932 910 1106 987 μηδὲν
1159 909 1279 971 οἶόν
1325 935 1390 969 τε
1441 908 1582 969 εἶναι
1620 908 1706 969 ἐπ’
1760 908 1932 971 αὖτοῦ

330 999 629 1069 ἐπιπλέειν,
682 997 825 1074 μήτε
880 996 1050 1067 ξύλον
1100 996 1244 1075 μήτε
1280 1002 1392 1058 τῶν
1429 996 1546 1059 ὅσα
1591 996 1764 1067 ξύλου
1802 999 1929 1059 ἐστὶ

329 1084 701 1163 ἐλαφρότερα,
732 1083 891 1146 ἀλλὰ
928 1084 1112 1146 πάντα
1152 1086 1310 1162 σφέα
1347 1086 1575 1165 χωρέειν
1600 1090 1656 1149 ἐς
1677 1085 1928 1162 βυσσόν·

329 1172 419 1254 (τὸ
445 1173 507 1233 δὲ
530 1172 673 1251 ὕδωρ
696 1175 867 1234 τοῦτο
894 1173 946 1233 εἶ
968 1173 1087 1249 σφί
1108 1178 1232 1233 ἐστι
1257 1172 1508 1249 α’ληθέως
1539 1172 1660 1233 οἶόν
1683 1198 1740 1234 τι
1769 1174 1928 1255 λέγε·-

325 1286 437 1331 ται,
464 1260 557 1319 διοὶ
585 1264 755 1321 τοῦτο
794 1258 863 1321 ἂν
903 1260 1028 1330 εἶεν,
1053 1259 1230 1339 τούτῳ
1267 1259 1341 1321 τοὶ
1379 1260 1564 1321 πάντα
1601 1260 1924 1339 χρεώμενοι,

326 1347 679 1429 μακρόβιον)
720 1346 835 1409 oin-<3
886 1350 988 1423 τῆς
1030 1347 1234 1426 κρήνης
1277 1347 1339 1407 δὲ
1377 1347 1925 1424 ἀπαλλασσομένων,

326 1434 559 1518 α’γαγεῖν
598 1436 783 1512 σφέας
821 1440 877 1501 ἐς
916 1435 1297 1512 δεσμωτήριον
1335 1433 1564 1511 ἀνδρῶν,
1617 1436 1748 1495 ἔνθα
1797 1436 1928 1499 τούς

325 1523 538 1588 πάντας
580 1528 641 1585 ἐν
682 1524 889 1603 πέδῃσι
932 1524 1213 1602 χρυσέῃσι
1257 1522 1535 1583 δεδέσθαι·
1590 1522 1714 1582 ἔστι
1759 1522 1820 1581 δὲ
1866 1528 1926 1583 ἐν

324 1610 580 1672 τούτοισι
606 1614 763 1671 τοῖσι
787 1612 1017 1689 Αἰθίοψι
1050 1610 1274 1671 πάντων
1297 1609 1332 1671 ὁ
1360 1609 1577 1689 χαλκός
1612 1608 1924 1671 σπανιώτα-

325 1724 426 1761 τον
460 1700 553 1760 καὶ
592 1698 943 1777 τιμιώτατον·
988 1699 1327 1778 θεησάμενοι
1367 1699 1430 1760 δὲ
1469 1699 1563 1760 καὶ
1602 1698 1671 1760 τὰ
1713 1698 1925 1776 δεσμω-

324 1787 532 1866 τήριον,
588 1787 893 1864 ἐθεήσαντο
935 1788 1029 1848 καὶ
1077 1788 1183 1864 τήν
1232 1792 1334 1849 τοῦ
1373 1786 1578 1848 Ἡλίου
1617 1789 1928 1870 λεγομένην

324 1874 623 1952 τράπεζαν.
706 1875 870 1936 Μετοὶ
906 1875 967 1936 δὲ
1003 1875 1228 1952 ταύτην,
1269 1874 1590 1940 τελευταίας
1621 1875 1926 1951 ἐθεήσαντο
1943 1877 2021 1936 24

324 1962 427 2026 τοίς
452 1963 626 2039 θήκας
655 1961 851 2032 αὐτῶν,
880 1962 939 2022 αἲ
967 1963 1234 2044 λέγονται
1268 1963 1639 2034 σκευάζεσθαι
1674 1963 1737 2032 ἐξ
1757 1963 1926 2024 ὖέλου

324 2050 512 2132 τρόπῳ
546 2051 755 2130 τοιῷδε·
798 2049 967 2111 ἐπεοῗν
1000 2051 1101 2111 τόν
1137 2048 1332 2126 νεκρὸν
1369 2049 1694 2128 ἰσχνήνωσι,
1723 2051 1832 2109 εἴτε
1855 2049 1926 2125 δὴ

326 2136 577 2214 κατάπερ
628 2136 929 2218 Αἰγύπτιοι
981 2137 1089 2196 εἴτε
1149 2133 1339 2198 ἄλλως
1395 2161 1520 2204 κως,
1566 2133 1928 2215 γυψώσαντες

327 2223 546 2285 ἅπαντα
598 2223 769 2285 αὖτόν
810 2228 1011 2306 γραφῇ
1064 2224 1392 2301 κοσμέουσι,
1441 2223 1814 2300 ἐξομοιεῦντες
1855 2221 1926 2284 τὰ

328 2312 471 2375 εἶδος
495 2318 551 2376 ἐς
573 2312 641 2373 τὰ
668 2311 918 2372 δυνατόν·
960 2313 1150 2372 ἔπειτα
1175 2311 1239 2371 δέ
1261 2314 1316 2371 οἶ
1341 2314 1669 2388 περιΐστᾶσι
1704 2310 1926 2386 στήλην

328 2401 393 2471 ἐξ
426 2400 596 2460 ὑέλου
621 2401 998 2478 πεποιημένην
1028 2400 1244 2476 κοίλην·
1297 2398 1336 2475 ή
1371 2399 1434 2458 δέ
1469 2406 1582 2476 σφι
1611 2397 1806 2474 πολλὴ
1833 2399 1926 2458 καὶ

328 2487 550 2569 εὖεργὸς
594 2487 919 2565 ὀρύσσεται·
981 2493 1041 2547 ἐν
1090 2488 1244 2567 μέσῃ
1297 2488 1357 2547 δὲ
1401 2491 1474 2566 τῇ
1528 2487 1716 2566 στήλῃ
1767 2486 1930 2548 ἐνεών

328 2575 678 2652 διαφαίνεται
722 2575 755 2636 ὅ
802 2575 975 2645 νέκυς,
1024 2574 1150 2635 οὔτε
1192 2575 1371 2654 ὀδμὴν
1425 2574 1688 2651 οὐδεμίαν
1726 2573 1927 2653 ἄχαριν

326 2663 707 2742 παρεχόμενος
734 2661 863 2724 οὔτε
888 2661 1039 2722 ἄλλο
1072 2661 1249 2727 ἀεικὲς
1279 2662 1452 2732 οὐδὲν,
1481 2663 1573 2721 καὶ
1604 2663 1719 2740 ἔχει
1743 2662 1927 2720 πάντα

328 2751 545 2829 φανερὰ
584 2751 785 2828 ὁμοίως
824 2749 971 2830 αὐτῷ
1018 2748 1117 2832 [τῷ
1158 2749 1348 2830 νέκυῖ.]
1429 2747 1676 2809 ἐνιαυτόν
1714 2749 1818 2824 μὲν
1857 2745 1927 2822 δὴ

328 2839 525 2918 ἔχουσι
574 2838 681 2915 τήν
732 2837 954 2915 στήλην
1002 2843 1063 2898 ἐν
1106 2841 1260 2897 τοῖσι
1307 2836 1534 2902 οἰκίοισι
1575 2837 1630 2893 οἷ
1673 2833 1930 2911 μάλιστα

329 2926 727 3004 προσήκοντες,
762 2925 983 2986 πάντων
1022 2949 1084 2985 τε
1118 2921 1501 3002 ἀπαρχόμενοι
1529 2922 1620 2980 καὶ
1651 2921 1849 2984 θυσίας
1875 2922 1930 2980 οἰ

326 3013 731 3096 προσάγοντες·
788 3012 933 3089 μετοὶ
972 3011 1035 3071 δὲ
1085 3015 1262 3072 ταῦτα
1301 3010 1694 3089 ἐκκομίσαντες
1733 3011 1933 3070 ἱστᾶσι

327 3103 459 3180 περὶ
488 3101 594 3178 τήν
620 3101 810 3162 πόλιν.
1546 3125 1548 3127 ’

412 3187 767 3266 Θεησάμενοι
806 3187 867 3247 δὲ
902 3186 978 3247 τὰ
1014 3185 1200 3248 πάντα
1239 3188 1294 3247 οἳ
1339 3185 1705 3256 κατάσκοποι,
1753 3183 1930 3244 ἅπαλ-
1947 3183 2027 3243 25

330 3274 629 3338 λάσσοντο
664 3275 865 3337 ὀπίσω·
906 3273 1370 3355 ἀπαγγειλάντων
1401 3273 1464 3334 δὲ
1496 3276 1674 3336 ταῦτα
1704 3271 1934 3342 τούτων,
