2250 3500
393 131 458 177 92
1007 127 1376 176 ·111²0Ao'ro¹1·
1920 130 2002 195 [1.

389 206 560 267 αὐτόν
584 206 760 287 λόγον
782 211 859 285 τῷ
884 207 1072 285 τείχεϊ,
1104 211 1271 266 τοῦτο
1298 207 1358 267 δὲ
1384 208 1526 268 κατοὶ
1555 207 1741 286 μέσην
1765 234 1866 270 κου
1890 210 2004 288 pas.-

390 299 566 354 λιστα
595 293 699 369 τὴν
733 293 921 364 πόλιν,
958 298 1113 354 τοῖσι
1145 295 1364 354 λίθοισι
1397 295 1527 358 τούς
1560 295 1809 372 ὠρύξατο
1851 301 2001 358 οἷκο-

392 382 557 458 δόμεε
595 382 849 462 γέφυραν
890 382 1097 441 δέουσα
1137 381 1267 444 τούς
1310 383 1504 445 λίθους
1549 383 1761 462 σιδήρῳ
1798 410 1862 444 τε
1904 387 2002 446 καὶ

389 468 682 549 μολύβδῳ.
766 471 1104 530 ἐπιτείνεσκε
1132 470 1191 528 δὲ
1211 468 1294 528 ἐπ’
1316 469 1504 544 αὐτὴν,
1528 469 1666 533 ὅκως
1690 475 1793 546 μὲν
1810 470 2000 550 ἡμέρη

385 559 620 640 γένοιτο,
649 557 793 627 ξύλα
830 556 1151 640 τετράγωνα
1191 556 1275 617 ἐπ’
1302 554 1378 616 ὧν
1407 555 1513 632 τὴν
1540 557 1813 633 διάβασιν
1846 564 2000 620 ἐποι-

389 650 546 706 εῦντο
579 648 633 705 οἳ.
664 644 1041 722 Βαβυλώνιοι·
1081 642 1185 709 τοὶς
1220 644 1281 704 δὲ
1317 643 1517 707 νύκτας
1541 644 1614 704 τὰ
1640 645 1783 714 ξύλα
1817 651 2000 708 ταῦτα

385 732 758 811 ἀπαιρέεσκον
791 732 954 792 τοῦδε
989 731 1186 803 εἵνεκα,
1216 732 1305 791 ἵνα
1334 731 1416 809 μὴ
1450 732 1861 808 διαφοιτέοντες
1893 733 2001 798 τὰς

385 822 583 884 νύκτας
611 821 904 881 κλέπτοιεν
922 818 1053 897 παρ’
1069 818 1363 896 ῥλλήλων.
1419 819 1491 882 ὥς
1510 821 1570 880 δὲ
1588 819 1656 880 τό
1674 845 1736 880 τε
1756 820 1999 900 ὀρυχθὲν

384 912 557 986 λίμνη
581 905 804 985 πλῆρης
829 906 1080 989 ἐγεγόνεε
1104 906 1215 967 find
1236 910 1337 968 τοῦ
1362 912 1620 984 ποταμοῦ
1648 909 1741 968 καὶ
1766 907 1838 968 τὰ
1863 911 1997 987 περὶ

383 996 487 1070 τὴν
511 997 764 1075 γέφυραν
791 994 1152 1072 ἐκεκόσμητο,
1180 995 1279 1055 τὸν
1308 994 1619 1072 Εὐφρήτην
1654 995 1913 1072 ποταμόν
1938 1002 1997 1061 ἐς

384 1083 457 1143 τσῖ
484 1082 693 1163 ἀρχαῖα
727 1083 930 1160 ῥέεθρα
966 1087 1026 1142 ἐκ
1060 1086 1164 1159 τῆς
1199 1082 1404 1160 λίμνης
1430 1082 1689 1164 ἐξήγαγε·
1731 1084 1824 1143 καὶ
1850 1083 1996 1145 οὕτω

387 1169 454 1231 τό
479 1170 714 1249 ὀρυχθὲν
741 1171 868 1232 ἕλος
900 1169 1201 1252 γενόμενον
1227 1175 1282 1232 ἐς
1308 1169 1434 1229 δέον
1468 1169 1653 1230 ἐδόκεε
1685 1171 1993 1252 γεγονέναι,

390 1259 483 1317 καὶ
507 1262 660 1317 τοῖσι
683 1257 994 1337 πολιήτῃσι
1019 1259 1244 1339 γέφυρα
1267 1256 1339 1334 ἦν
1364 1259 1874 1334 κατεσκευασμένη.

293 1348 407 1408 187
475 1345 552 1406 Ἠ
575 1345 621 1406 δ’
639 1345 778 1422 αὖτῆ
796 1345 934 1422 αὕτη
952 1347 1232 1423 βασίλεια
1258 1346 1351 1405 καὶ
1378 1344 1600 1423 ἀπάτην
1621 1344 1841 1423 τοιήνδε
1864 1347 1994 1408 τιναῖ

384 1433 800 1514 ἐμηχανήσατο·
841 1433 981 1512 ὖπὲρ
1013 1436 1124 1494 τῶν
1154 1432 1411 1510 μάλιστα
1445 1433 1747 1513 λεωφόρων
1770 1436 1995 1497 πυλέων

382 1527 483 1583 τοῦ
531 1522 734 1585 ἄστεος
777 1521 963 1598 τάφον
1004 1524 1177 1600 ἑωυτῇ
1224 1520 1677 1582 κατεσκευάσατο
1716 1522 1996 1600 μετέωρον

384 1614 661 1686 ἐπιπολῆς
697 1609 902 1669 αὐτέων
933 1613 1045 1669 τῶν
1074 1609 1316 1669 πυλέων·
1370 1608 1676 1687 ἐνεκόλαψε
1708 1610 1768 1668 δὲ
1800 1615 1855 1672 ἐς
1888 1610 1993 1670 τὸν

380 1698 567 1774 τάφον
595 1696 902 1777 γράμματα
933 1697 1177 1777 λέγοντα
1204 1696 1357 1757 τάδε·
1414 1703 1575 1757 ΤΩΝ
1610 1698 1737 1763 ΤΙΣ
1769 1703 1993 1760 ΕΜΕΥ

379 1784 754 1849 ‘YETEPON
805 1789 1283 1843 ΓῙΝΟΜΕΝΩΝ
1328 1787 1801 1851 ΒΑΒΥΛΩΝΟΣ
1861 1792 1993 1847 ΒΑ-

385 1873 677 1937 ΣΙΛΕΩΝ
705 1876 822 1931 ΗΝ
859 1872 1246 1937 ΣΠΑΝῙΣΗῙ
1284 1878 1740 1945 ΧΡΗΜΑΤΩΝ,
1767 1879 1994 1934 ΑΝΟῙ·

383 1959 534 2024 EA}
569 1965 730 2018 TON
761 1965 1025 2020 ΤΑΦΟΝ
1058 1965 1368 2020 ΑΑΒΕΤΩ
1392 1960 1680 2026 ὍΚΟΣΑ
1706 1967 1992 2021 ΒΟΥΛΕ·

384 2053 514 2107 ΤΑῙ
550 2054 951 2108 ΧΡΗΜΑΤΑ.
1033 2054 1159 2107 ΜΗ
1192 2054 1499 2109 ΜΕΝΤΟῙ
1525 2055 1621 2108 ΓΕ
1650 2056 1773 2109 ΜΗ
1804 2051 1993 2114 ΣΠΑ·

387 2138 625 2202 ΝΙΣΑΣ
654 2143 768 2209 ΓΕ,
797 2137 1058 2201 ΑΛΛΩΣ
1087 2138 1444 2199 ΑΝΟῙΞΗΙ·
1473 2142 1577 2197 ΟΥ
1594 2142 1743 2197 ΓΑΡ
1763 2143 1991 2197 ΑΜΕῙ·

387 2230 579 2285 NON.
661 2224 823 2288 οὗτος
863 2224 896 2285 ὅ
936 2222 1120 2301 τάφος
1170 2222 1244 2299 ἦν
1296 2223 1553 2299 α’,κίνητος
1602 2225 1771 2303 μέχρι
1823 2222 1888 2283 οὗ
1934 2230 1993 2289 ἐς

384 2317 625 2388 Δαρεῖον
655 2312 928 2389 περιῆλθε
952 2310 990 2387 ἡ
1010 2310 1315 2388 βασιληίη·
1359 2312 1577 2391 Δαρείῳ
1604 2312 1663 2371 δὲ
1690 2312 1784 2371 καὶ
1811 2311 1993 2372 δεινόν

383 2399 566 2457 ἐδόκεε
607 2399 745 2457 εἶναι
783 2403 921 2475 τῇσι
957 2397 1179 2477 πύλῃσι
1208 2398 1451 2477 ταύτῃσι
1489 2399 1662 2475 μηδὲν
1699 2400 1991 2479 χρέεσθαι,

383 2485 476 2543 καὶ
513 2482 814 2563 χρημάτων
854 2487 1113 2563 κειμένων
1151 2487 1244 2544 καὶ
1278 2486 1459 2546 αὐτῶν
1492 2486 1627 2568 [τῶν
1664 2486 1992 2570 χρημάτων]

384 2572 852 2649 ἐπικαλεομένωνγ
867 2572 948 2649 μή
985 2572 1050 2633 οὗ
1075 2575 1284 2650 λαβεῖν
1308 2573 1467 2633 αὐτοί·
1508 2579 1644 2653 τῇσι
1677 2575 1738 2634 δὲ
1770 2573 1993 2653 πύλῃσι

383 2664 623 2739 ταῧτῃσι
648 2659 805 2721 οὐδὲν
832 2665 1036 2740 ἐχρᾶτο
1054 2662 1217 2721 τοῦδε
1238 2661 1434 2731 εἵνεκα,
1462 2661 1548 2721 ὅτι
1572 2661 1713 2739 ὕπέρ
1736 2666 1993 2738 κεφαλῆς

382 2753 438 2810 οἶ
479 2751 690 2832 ἐγίνετο
731 2746 764 2809 ὅ
807 2747 996 2826 νεκρὸς
1038 2748 1461 2819 διεξελαύνοντι·
1518 2748 1740 2819 ἀνοίξας
1780 2750 1841 2810 δὲ
1891 2750 1994 2810 τᾶν

379 2837 580 2915 τάφον,
625 2835 749 2915 εἶρε
792 2836 1057 2917 χρήματα
1105 2840 1211 2914 μὲν
1262 2836 1344 2907 οὔ,
1385 2835 1486 2897 τᾶν
1527 2837 1588 2896 δὲ
1636 2837 1846 2915 νεκρόν,
1897 2838 1992 2896 καὶ

379 2924 688 3006 γράμματα
714 2925 957 3007 λέγοντα
979 2925 1131 2985 τάδε·
1171 2930 1254 2983 ΕΙ
1280 2929 1405 2982 ΜΗ
1434 2926 1865 2990 ΑΠΛΗΣΤΟΣ
1894 2930 1989 2984 ΤΕ

384 3014 537 3077 EA}
559 3016 997 3071 ΧΡΗΜΑΤΩΝ
1014 3017 1155 3069 ΚΑΙ
1173 3010 1804 3083 ΑῙΣΧΡΟΚΕΡΔΗΣ,
1828 3016 1991 3071 ΟΥΚ

382 3103 494 3157 ΑΝ
535 3104 862 3158 ΝΕΚΡΩΝ
910 3098 1180 3161 ΘΗΚΑΣ
1225 3100 1637 3163 ΑΝΕΩῙΓΕΣ·
1699 3097 1841 3175 αὕτη
1885 3098 1992 3176 μέν

383 3209 481 3244 νυν
503 3184 540 3260 ἦ
568 3187 848 3259 βασίλεια
871 3182 1100 3257 τοιαύτη
1128 3207 1211 3244 τις
1228 3182 1461 3262 λέγεται
1484 3184 1770 3264 γενέσθαι.

293 3271 410 3329 188
517 3269 588 3328 Ὅ
631 3271 692 3331 δὲ
731 3271 800 3347 δὴ
843 3268 1033 3347 Κύρος
1076 3269 1170 3327 ἐπὶ
1209 3268 1414 3344 ταύτης
1452 3273 1554 3345 τῆς
1592 3271 1853 3346 γυναικὸς
1889 3271 1995 3335 τόν
