2250 3500
359 127 457 174 166
977 128 1340 180 ἩΡοΔοτοα·
1848 130 1955 195 [11.

358 204 558 265 ἔσοδον
589 205 717 266 οὕτε
751 207 974 269 ἔκδυσιν
1008 205 1269 284 ούδεμίαν
1300 207 1449 287 ἔχον·
1488 206 1863 286 ἀπορεύμενον
1894 209 1956 270 δέ

354 314 452 366 μιν
490 291 624 352 τάδε
661 298 919 371 ποιῆσαι·
965 298 1066 355 τοῦ
1106 293 1296 372 φωρὸς
1332 292 1433 355 τόν
1471 293 1632 355 νέκυν
1673 295 1815 354 κατοὶ
1851 301 1955 357 τοῦ

353 377 568 456 τείχεος
594 381 1033 459 κατακρεμάσαι·
1075 381 1365 458 φυλάκους
1392 381 1451 441 δὲ
1476 381 1647 441 αὐτοῦ
1674 383 1955 460 καταστή-

355 489 552 538 σαντα,
571 469 932 532 ἐντειλασθαί
945 476 1057 547 σφι
1074 468 1174 530 τὸν
1191 465 1259 529 ἂν
1275 469 1495 528 ἴδωνται
1508 467 1955 532 ἀποκλαύσαντα

353 548 392 626 ἢ
423 556 916 635 κατοικτισάμενον
941 555 1344 664 συλλαβόντας
1374 554 1533 636 α”γειν
1558 555 1700 634 πρός
1730 558 1950 619 ἑωυτόν·

358 639 813 722 ἀνακρεμαμένου
858 645 920 704 δὲ
963 647 1064 705 τοῦ
1109 643 1316 715 νέκυος,
1355 642 1461 718 τὴν
1503 642 1722 721 μητέρα
1765 644 1953 710 δεινῶς

353 728 562 807 φέρειν,
593 731 801 813 λόγους
835 731 894 791 δὲ
931 757 1074 807 προς
1103 729 1205 791 τᾶν
1233 729 1523 807 περιεόντα
1556 731 1731 790 παῖδα
1764 757 1952 793 ποιευ·

350 815 542 893 μένην,
563 819 954 896 προστάσσειν
975 817 1124 898 αὐτῶ
1147 817 1283 898 ὅτεω
1300 817 1489 897 τρόπῳ
1514 817 1741 878 δύναται
1764 845 1946 899 μηχα-

353 905 559 965 νᾶσθαι
609 905 748 970 ὅκως
797 931 864 966 το
917 910 1085 985 σῶμα
1136 909 1238 967 τοῦ
1290 905 1570 981 ἀδελφεοῦ
1623 907 1948 972 καταλύσας

353 996 552 1067 κομιεῖ·
607 997 656 1053 εἰ
693 994 753 1054 δὲ
791 992 998 1055 τούτων
1037 992 1331 1071 ἀμελήσει,
1374 992 1707 1054 διαπειλέειν
1754 993 1943 1071 αύτὴν,

353 1075 426 1140 ὥς
451 1081 699 1150 ἐλθοῦσα
725 1081 866 1159 πρός
890 1080 990 1142 τόν
1008 1078 1267 1159 βασιλέα
1291 1080 1531 1158 μηνύσει
1554 1079 1726 1142 αύτόν
1744 1084 1946 1161 ἔχοντα

352 1163 426 1224 τοὶ
459 1167 741 1245 χρήματα·
783 1167 855 1233 ὥς
894 1169 955 1229 δὲ
987 1172 1249 1250 χαλεπῶς
1284 1167 1639 1245 ἐλαμβάνετο
1677 1168 1717 1244 ἦ
1756 1169 1945 1248 μήτηρ

352 1258 456 1312 τοῦ
479 1255 794 1332 περιεόντος
816 1256 1032 1328 παιδὸς,
1057 1258 1153 1316 καὶ
1176 1254 1374 1316 πολλὰ
1395 1255 1537 1333 πρός
1567 1255 1738 1332 αὐτὴν
1760 1257 1944 1338 λέγων

351 1340 451 1401 οὐκ
483 1343 680 1416 ἔπειθε,
708 1345 1188 1426 ἐπιτεχνήσασθαι
1216 1343 1403 1417 τοιάδε
1433 1369 1548 1421 μιν·
1589 1341 1749 1407 ὅνους
1778 1371 1941 1405 κατα-

352 1432 772 1511 σκευασάμενον
797 1435 889 1494 καὶ
914 1432 1124 1497 ὧσκοῦς
1148 1431 1450 1509 πλήσαντα
1477 1431 1645 1502 οἴνου,
1672 1434 1943 1494 ἐπιθεῖναι

353 1518 442 1578 ἐπὶ
465 1526 575 1582 τῶν
598 1520 738 1583 ὄνων
761 1523 856 1582 καὶ
881 1523 1070 1582 ἔπειτα
1095 1519 1346 1580 ἐλαύνειν
1362 1518 1581 1584 αὐτούς·
1614 1519 1687 1584 ὥς
1712 1520 1773 1579 δὲ
1798 1523 1943 1582 κατοὶ

349 1605 480 1670 τοῦς
523 1609 928 1685 φυλάσσοντας
966 1609 1038 1684 ἣν
1081 1607 1183 1669 τὸν
1222 1606 1564 1685 κρεμάμενον
1607 1606 1782 1678 νέκυν,
1824 1614 1938 1668 ἐπι-

349 1692 652 1757 σπάσαντα
666 1700 775 1760 τῶν
785 1695 973 1757 ἀσκῶν
987 1696 1083 1756 δύο
1097 1693 1135 1771 ἢ
1150 1699 1296 1773 τρεῖς
1309 1694 1586 1759 ποδεῶνας
1602 1693 1769 1756 αὖτόν
1784 1695 1940 1759 λύειν

348 1779 723 1860 ἐπαμμένους·
765 1783 836 1847 ὥς
867 1784 928 1843 δὲ
964 1785 1112 1861 ἔρρεε
1148 1782 1181 1842 ὁ
1218 1783 1381 1853 οἶνος,
1407 1782 1512 1859 τὴν
1546 1784 1802 1860 κεφαλήν
1838 1810 1939 1861 μιν

349 1867 658 1931 κόπτεσθαι
673 1870 898 1953 μεγάλα
916 1872 1159 1947 βοῶντα,
1178 1868 1249 1935 ὥς
1264 1869 1364 1930 οὐκ
1380 1871 1581 1949 ἔχοντα
1596 1870 1737 1948 πρὸς
1750 1870 1939 1933 ὁκοῖον

346 1959 457 2017 τῶν
495 1956 633 2019 ὄνων
671 1964 890 2037 πρῶτον
926 1958 1226 2038 τράπηται·
1264 1956 1395 2021 τούς
1435 1958 1495 2017 δὲ
1534 1957 1824 2034 φυλάκους
1863 1960 1937 2024 ὥς

350 2044 482 2107 ἰδεῖν
505 2046 689 2108 πολῦν
711 2047 910 2125 ῥέοντα
935 2046 1036 2108 τόν
1060 2047 1227 2116 οἶνον,
1248 2045 1571 2125 συντρέχειν
1598 2051 1653 2110 ἐς
1676 2046 1781 2123 τήν
1805 2046 1935 2109 ὁδὸν

345 2132 554 2216 άγγήῖα
584 2136 812 2215 ἔχοντας
841 2136 934 2195 καὶ
961 2134 1062 2195 τὸν
1091 2132 1453 2213 ἐκκεχυμένον
1485 2133 1635 2194 οἶνον
1665 2138 1934 2215 συγκομί-

345 2223 457 2293 ζειν
498 2228 557 2284 ἐν
593 2224 772 2301 κέρδεϊ
809 2222 1184 2301 ποιευμένους,
1218 2220 1318 2282 τὸν
1352 2221 1412 2281 δὲ
1452 2221 1935 2299 διαλοιδορέεσθαι

345 2315 506 2380 πᾶσι,
554 2310 730 2391 ὀργῆν
774 2310 1271 2389 προσποιεύμενον·
1323 2308 1828 2385 παραμυθευμένων
1872 2310 1934 2371 δὲ

343 2396 511 2456 αὐτον
547 2401 657 2457 τῶν
700 2396 984 2473 φυλάκων,
1023 2397 1207 2505 χρόνω
1246 2396 1593 2474 πρηυνεσθαι
1630 2398 1933 2474 προσποιέ-

345 2484 508 2543 εσθαι
548 2484 640 2542 καὶ
676 2484 942 2545 ὖπίεσθαι
979 2490 1082 2561 τῆς
1120 2485 1311 2567 ὀργῆς·
1350 2483 1516 2547 τέλος
1556 2484 1632 2553 δὲ,
1666 2484 1934 2553 ἐξελάσαι

343 2570 512 2632 αὐτὸν
534 2597 664 2635 τους
687 2570 846 2636 ὅνους
871 2577 932 2632 ἐκ
945 2577 1056 2651 τῆς
1082 2573 1231 2644 ὁδοῦ,
1259 2572 1352 2632 καὶ
1377 2571 1823 2643 κατασκευάζειν·
1860 2572 1935 2637 ὥς

341 2658 402 2719 δὲ
424 2659 631 2743 λόγους
649 2686 710 2721 τε
730 2660 957 2725 πλείους
976 2660 1315 2742 ἐγγίνεσθαι,
1336 2660 1432 2719 καί
1451 2684 1578 2719 τινα
1596 2658 1688 2718 καὶ
1707 2661 1941 2737 σκῶψαί

339 2774 437 2824 μιν
467 2750 561 2808 καὶ
595 2754 651 2813 ἐς
677 2748 900 2831 γέλωτα
928 2748 1374 2830 προαγαγέσθαι,
1402 2747 1683 2807 ἐπιδοῦναι
1709 2746 1936 2807 αὐτοῖσι

339 2842 449 2897 τῶν
482 2836 672 2897 ἀσκῶν
709 2837 823 2897 ἕνα·
863 2836 994 2900 τούς
1028 2837 1087 2896 δὲ
1119 2836 1305 2907 αὐτοῦ,
1340 2835 1531 2911 ὥσπερ
1567 2834 1737 2915 εἶχον,
1768 2860 1935 2895 κατα·

336 2923 628 2988 κλιθέντας
666 2926 844 2985 πίνειν
875 2923 1241 2994 διανοέεσθαι,
1274 2924 1367 2982 καὶ
1398 2926 1605 2983 ἐκεῖνον
1635 2926 1935 3000 παραλαμ·

337 3010 536 3085 βάνειν
561 3013 653 3070 καὶ
679 3011 920 3072 κελεύειν
943 3009 1063 3088 μετ’
1092 3014 1302 3070 ἑωυτῶν
1326 3014 1590 3087 μείναντα
1617 3010 1931 3087 συμπίνειν·

337 3098 437 3157 τόν
476 3098 536 3157 δὲ
574 3099 878 3173 πεισθῆναί
910 3122 974 3157 τε
1015 3096 1083 3171 δὴ
1117 3097 1210 3154 καὶ
1250 3100 1592 3173 καταμεῖναι·
1635 3096 1707 3159 ὥς
1737 3097 1801 3157 δέ
1834 3122 1935 3173 μιν

337 3183 492 3257 παρὰ
529 3185 632 3260 τὴν
669 3185 841 3244 πόσιν
882 3182 1244 3260 φιλοφρόνως
1278 3181 1620 3257 ἠσπάζοντο,
1651 3184 1935 3245 ἐπιδοῦναι

339 3265 564 3327 αὖτοῖσι
593 3269 686 3327 καὶ
717 3270 897 3329 ἄλλον
930 3272 1042 3329 τῶν
1072 3267 1281 3331 ἀσκῶν·
1322 3268 1551 3349 δαψιλέῖ
1584 3272 1645 3331 δὲ
1678 3275 1757 3351 τῷ
1780 3272 1937 3350 ποτῷ
