2250 3500
322 159 387 206 26
935 161 1302 212 'HPOAO'I'OT
1854 163 1925 228 [L

319 237 486 318 μέγα·
529 236 804 302 θύσαντος
835 237 948 319 γὰρ
983 239 1154 301 αὐτοῦ
1192 240 1266 302 τὰ
1308 241 1416 319 ipa,
1444 244 1500 302 οἱ
1532 242 1773 318 λέβητες
1808 248 1929 303 ἑπε-

322 327 574 394 στεῶτες,
594 326 687 385 καὶ
713 329 883 402 κρεῶν
899 353 962 386 τε
987 326 1169 392 ε’όντες
1195 329 1429 406 ἔμπλεοι
1448 329 1541 388 καὶ
1563 328 1778 400 ὕδατος,
1800 328 1931 391 ἄνευ

321 410 495 490 πυρός
535 413 756 484 ἔζεσαν,
773 414 866 473 καὶ
899 413 1273 493 ύπερέβαλον.
1354 417 1546 476 Χίλων
1585 416 1647 475 δὲ
1682 416 1717 476 ὁ
1750 423 1930 478 Λακε-

321 498 602 576 δαιμόνιος
631 500 966 582 παρατυχῶν
997 502 1091 562 καὶ
1115 502 1461 581 θεησάμενος
1484 503 1553 563 τὰ
1576 503 1740 581 τέρας
1772 529 1931 565 συνε-

321 587 565 663 βούλευε
599 587 955 667 Ἱπποκράτεϊ
983 593 1179 668 πρῶτα
1211 594 1315 668 μὲν
1348 593 1584 672 γυναῖκα
1607 592 1932 653 τεκνοποιόν

319 700 402 752 μη
428 673 720 757 αγεσθαι’
694 701 749 740 ες
773 702 846 736 τα
871 678 1033 748 οἰκία,
1061 682 1110 738 εἶ
1144 678 1204 738 δὲ
1226 678 1490 760 τυγχάνει
1522 679 1677 758 ἔχων,
1705 678 1932 757 δεύτερα

319 761 425 839 τήν
460 767 696 845 γυναῖκα
735 764 1050 842 ἐκπέμπειν·
1093 791 1187 826 και
1227 767 1279 825 εἴ
1312 790 1398 830 τις
1436 769 1491 826 οἱ
1526 764 1787 846 τυγχάνει
1826 765 1932 828 ε’ῶν

323 854 471 920 παῖς,
506 855 707 912 τοῦτον
741 850 1110 913 ἀπείπασθαι·
1154 852 1329 913 οὔκων
1360 857 1537 914 ταῦτα
1561 854 1931 931 παραινέσαν-

321 963 419 1002 τος
475 939 733 1003 Χίλωνος
787 939 1084 1001 πείθεσθαι
1144 941 1333 1001 θέλειν
1389 966 1493 1001 τον
1540 939 1928 1019 Ἱπποκράτεα,

320 1022 586 1103 γενέσθαι
627 1028 681 1085 οἱ
716 1025 863 1104 μετὰ
900 1031 1076 1087 ταῦτα
1115 1027 1215 1088 τόν
1255 1029 1674 1106 Πεισίστρατον
1711 1032 1928 1089 τοῦτον·

324 1111 402 1182 ὃς,
418 1111 835 1185 στασιαζόντων
857 1117 968 1176 τῶν
992 1115 1262 1192 παράλων
1281 1115 1375 1176 καὶ
1397 1120 1509 1176 τῶν
1529 1121 1589 1176 ἐκ
1612 1119 1715 1176 τοῦ
1739 1116 1931 1177 πεδίου

323 1198 645 1277 Ἀθηναίων,
674 1200 767 1261 καὶ
796 1206 908 1263 τῶν
928 1205 1033 1279 μὲν
1062 1207 1445 1282 προεστεῶτος
1470 1204 1803 1284 Μεγακλέος
1826 1208 1929 1264 τοῦ

321 1286 717 1367 Ἀλκμαίωνος,
743 1294 855 1351 τῶν
892 1291 954 1351 δὲ
986 1296 1048 1352 ἐκ
1079 1294 1182 1352 τοῦ
1213 1291 1406 1352 πεδίου
1428 1289 1756 1372 Λυκούργου
1777 1290 1929 1370 Ἀρι-

325 1377 648 1450 στολαΐδεω,
675 1377 1111 1456 καταφρονήσας
1136 1377 1241 1455 τὴν
1266 1379 1574 1458 τυραννίδα,
1599 1377 1791 1460 ἤγειρε
1814 1381 1929 1457 τρί-

322 1489 426 1540 την
457 1464 684 1528 στάσιν.
765 1467 1048 1537 συλλέξας
1083 1467 1146 1527 δὲ
1182 1466 1517 1538 στασιώτας,
1545 1467 1639 1526 καὶ
1672 1471 1751 1546 τῷ
1775 1466 1929 1548 λόγῳ

323 1556 436 1614 τῶν
457 1553 800 1633 ὖπερακρίων
824 1555 1092 1634 προστάς,
1119 1559 1440 1636 μηχανᾶται
1469 1553 1672 1615 τοιάδε·
1710 1579 1929 1632 τρωμα-

235 1656 280 1698 O
320 1645 484 1708 τίσας
520 1641 720 1705 ἑωυτόν
752 1670 818 1705 τε
852 1645 944 1705 καὶ
978 1643 1257 1721 ἡμιόνους,
1283 1641 1473 1719 ἤλασε
1503 1646 1560 1706 ἐς
1585 1641 1692 1717 τὴν
1716 1640 1929 1723 ἀγορὴν

279 1798 284 1803 ,
323 1731 390 1792 τό
424 1733 616 1813 ζεῦγος
645 1730 718 1796 ὥς
753 1731 1106 1813 ἐκπεφευγὼς
1135 1729 1265 1795 τούς
1291 1729 1538 1811 ἐχθρούς,
1568 1729 1627 1790 οἵ
1646 1755 1745 1806 μιν
1768 1729 1929 1790 ἐλαύ-

322 1844 489 1880 νοντα
516 1824 570 1883 ἐς
604 1819 778 1901 οἷγρόν
802 1819 1095 1896 ἠθέλησαν
1127 1818 1409 1879 άπολέσαι
1434 1818 1621 1895 δῆθεν·
1663 1817 1844 1879 ε’δέετό
1865 1844 1930 1878 τε

321 1910 424 1967 τοῦ
457 1906 634 1983 δήμου
674 1897 934 1984 φυλακῆς
964 1907 1116 1972 τινός
1139 1906 1283 1985 πρός
1308 1907 1477 1967 αὐτοῦ
1506 1909 1765 1985 κυρῆσαι,
1792 1906 1929 1983 πρό-

324 2019 487 2072 τερον
527 1993 896 2072 εὐδοκιμήσας
939 1999 1000 2054 ἐν
1034 1998 1108 2073 τῇ
1148 1994 1289 2072 πρός
1328 1995 1625 2076 Μεγαρέας
1660 1994 1929 2076 γενομένῃ

325 2083 652 2164 στρατηγίῃ,
678 2081 930 2143 Νίσαιάν
945 2106 1028 2144 ’τε
1059 2081 1201 2142 ἑλῶν
1227 2082 1320 2141 καὶ
1344 2081 1499 2141 ἄλλα
1524 2080 1930 2158 ἀποδεξάμενος

322 2170 548 2253 μεγάλα
581 2172 734 2252 ἔργα·
777 2170 810 2231 ὅ
837 2171 898 2231 δὲ
923 2170 1098 2247 δῆμος
1122 2170 1157 2232 ὁ
1184 2174 1295 2231 τῶν
1325 2168 1634 2245 Ἀθηναίων
1660 2169 1929 2245 ἐξαπατη-

325 2260 454 2327 θεὶς,
492 2259 657 2319 ἔδωκέ
681 2261 737 2318 οἱ
771 2262 883 2319 τῶν
908 2257 1097 2319 οἰστῶν
1118 2258 1432 2341 ικαταλέξας
1455 2256 1658 2335 ἄνδρας
1681 2255 1927 2320 τούτους·

325 2346 380 2406 οἳ
419 2344 723 2423 δορυφόροι
750 2348 856 2423 μὲν
896 2344 996 2406 οὖκ
1032 2347 1286 2427 ἐγένοντο
1317 2342 1737 2421 Πεισιστράτου
1771 2368 1930 2419 κορυ-

322 2432 564 2510 νηφόροι
601 2433 681 2493 δέ·
725 2432 907 2503 ξύλων
938 2432 1050 2515 γὰρ
1094 2432 1329 2511 κορύνας
1363 2434 1581 2511 ἔχοντες
1617 2429 1839 2489 εἵποντό
1874 2434 1930 2490 οἱ

323 2520 547 2583 ὄπισθε·
588 2521 1103 2586 συνεπαναστάντες
1128 2522 1190 2581 δὲ
1214 2518 1367 2582 οὗτοι
1392 2518 1509 2596 ἅμα
1534 2516 1930 2598 Πεισιστράτῳ

325 2612 498 2691 ἔσχον
523 2609 627 2686 τήν
647 2609 974 2689 ἀκρόπολιν.
1041 2610 1174 2670 ἔνθα
1198 2609 1267 2686 δὴ
1294 2608 1327 2669 ὅ
1355 2607 1769 2683 Πεισίστρατος
1786 2604 1929 2685 ἦρχε

323 2697 646 2775 Ἀθηναίων,
675 2698 803 2760 οὔτε
839 2697 1007 2775 τιμὰς
1043 2697 1153 2761 τοὶς
1185 2694 1387 2760 ἐούσας
1426 2691 1774 2771 συνταράξας
1802 2691 1930 2753 οὔτε

323 2787 533 2863 θέσμια
556 2785 931 2865 μεταλλάξας·
981 2786 1077 2846 ε’πί
1110 2810 1174 2845 τε
1196 2788 1351 2845 τοῖσι
1391 2786 1735 2845 κατεστεῶσι
1774 2782 1931 2859 ἔνεμε

237 2885 313 2945 60
324 2875 428 2951 τήν
465 2874 654 2945 πόλιν,
681 2875 936 2953 κοσμέων
970 2876 1157 2937 καλῶς
1186 2897 1251 2933 τε
1285 2871 1379 2933 καὶ
1410 2871 1489 2933 εὖ.
1571 2868 1737 2931 Μετὰ
1766 2870 1828 2929 δὲ
1863 2868 1929 2928 οὗ

323 2963 548 3025 πολλὰν
577 2962 782 3042 χρόνον
815 2960 992 3021 τῶυτὸ
1025 2959 1410 3037 φρονήσαντες
1436 2959 1497 3021 οἶ
1523 2985 1586 3021 τε
1611 2962 1711 3018 τοῦ
1738 2964 1929 3037 Μεγα-

324 3051 497 3113 κλέως
534 3053 848 3110 στασιῶται
874 3048 966 3107 καὶ
993 3050 1047 3107 οἶ
1071 3050 1175 3106 τοῦ
1198 3047 1541 3129 Λυκούργου,
1569 3043 1935 3125 ἐξελαύνουσί

323 3162 443 3215 μιν.
491 3136 632 3209 οὕτω
645 3139 748 3213 μὲν
765 3135 1182 3210 Πεισίστρατος
1199 3135 1333 3215 ἔσχε
1350 3135 1416 3196 τό
1432 3138 1655 3214 πρῶτον
1670 3130 1929 3207 Ἀθήνας,

326 3223 420 3283 καὶ
469 3221 573 3297 τήν
618 3220 912 3300 τυραννίδα
963 3218 1106 3279 οὔκω
1152 3221 1329 3300 κάρτα
1375 3223 1739 3303 ἐρριζωμένην
1792 3220 1933 3297 ἔχων

326 3309 605 3383 ἀπέβαλε·
643 3310 697 3369 οἳ
721 3308 783 3367 δὲ
818 3305 1183 3377 ἐξελάσαντες
1216 3314 1652 3391 Πεισίστρατον,
1679 3306 1833 3369 αὖτις
1869 3307 1933 3363 ἐκ
