2250 3500
310 101 409 152 292
920 99 1284 151 ‘HPOAom‘r
1785 101 1909 164 [IV.

310 179 489 242 ούδέν·
531 177 727 259 ἔλεγον
749 177 861 260 γὰρ
887 176 956 240 ἂν
983 179 1075 238 καὶ
1102 179 1332 250 Σκύθαι,
1361 178 1433 243 ὥς
1457 176 1588 256 περὶ
1610 181 1722 240 τῶν
1746 205 1914 257 μουν-

312 266 625 346 οφθάλμων
675 268 930 348 λέγουσι.
999 266 1132 326 ἀλλ’
1177 266 1428 347 Ἡσιόδῳ
1468 269 1573 345 μέν
1621 272 1746 328 ἐστι
1781 268 1914 344 περὶ

308 354 697 433 ’Υπερβορέων
728 356 1003 433 εἰρημένα,
1033 357 1156 416 ἔστι
1188 355 1248 414 δὲ
1279 357 1372 414 καὶ
1407 354 1639 434 Ὁμήρῳ
1673 359 1732 415 ἐν
1755 353 1912 414 Ἐπι-

307 445 546 528 γόνοισι,
589 447 638 502 εἶ
677 443 745 520 δή
785 447 863 523 τῷ
902 443 1048 504 ἐόντι
1082 469 1151 524 γε
1175 441 1432 521 Ὄμηρος
1461 447 1640 503 ταῦτα
1668 441 1742 502 τὰ
1777 443 1912 502 ἔπεα

211 536 289 595 33
310 534 559 610 ἐποίησε·
601 536 820 612 Πολλῷ
860 531 923 592 δέ
952 557 1009 592 τι
1048 535 1296 592 πλεῖστα
1325 532 1458 610 περὶ
1492 529 1675 592 αὐτῶν
1703 529 1912 606 Δήλιοι

304 624 556 703 λέγουσι,
586 619 826 698 φάμενοι
862 618 957 698 {pol
992 618 1312 695 ἐνδεδεμένα
1349 623 1407 680 ἐν
1438 617 1666 698 καλάμῃ
1704 623 1909 695 πυρῶν,

305 711 369 781 ἐξ
406 708 797 785 Ὑπερβορέων
838 707 1123 786 φερόμενα
1171 705 1534 767 ἀπικνέεσθαι
1574 711 1631 770 ἐς
1672 706 1908 771 Σκύθας.

302 797 415 858 dm?
449 798 508 857 δὲ
542 797 797 861 Σκυθέων
835 795 943 872 ἤδη
985 794 1312 873 δεκομένονς
1353 795 1462 854 αἰεὶ
1499 793 1629 858 τοῦς
1668 798 1910 870 πλησιο-

303 885 517 965 χώρους
558 883 841 953 ἑκάστους,
885 883 1130 961 κομίζειν
1172 881 1313 942 αὖτσῖ
1353 883 1422 944 τό
1473 883 1617 961 πρός
1669 883 1911 960 ἑσπέρης

306 971 591 1032 ἑκαστάτω
624 972 717 1030 ἐπὶ
742 970 844 1032 τᾶν
868 969 1115 1048 Ἀδρίην·
1159 970 1412 1031 ἐνθεῦτεν
1436 970 1497 1029 δὲ
1521 969 1661 1047 πρός
1690 995 1908 1047 μεσαμ-

301 1061 474 1138 βρίην
488 1057 932 1137 προπεμπόμενα
957 1057 1212 1135 πρώτους
1238 1058 1596 1122 Δωδωναίους
1618 1057 1911 1133 Ἑλλήνων

305 1149 583 1208 δέκεσθαι·
626 1145 738 1207 ἀπὸ
771 1145 831 1205 δὲ
862 1145 1073 1207 τούτων
1113 1147 1473 1223 καταβαίνειν
1514 1146 1607 1205 ἐπὶ
1642 1145 1744 1206 τᾶν
1784 1151 1908 1222 Μη-

304 1237 433 1296 λιέα
473 1235 704 1306 κόλπον,
735 1233 827 1293 καὶ
862 1233 1296 1312 διαπορεύεσθαι
1338 1239 1400 1297 ἐς
1425 1232 1700 1311 Εὔβοιαν·
1740 1233 1912 1294 πόλιν

304 1351 369 1386 τε
413 1328 470 1388 ἐς
509 1323 681 1385 πόλιν
718 1323 975 1401 πέμπειν,
1014 1323 1186 1401 μέχρι
1227 1320 1551 1400 Καρύστου·
1603 1322 1671 1383 vd
1712 1321 1761 1381 δ’
1794 1321 1909 1383 οἷπό

304 1411 523 1490 ταύτης,
542 1415 789 1472 ἐκλιπεῖν
804 1410 1064 1489 Ἀνδρον·
1098 1402 1454 1486 Καρυστίους
1476 1409 1588 1490 γὰρ
1615 1409 1756 1470 εἶναι
1779 1410 1910 1474 τούς

308 1502 632 1578 κομίζοντας
658 1505 714 1562 ἐς
744 1502 942 1575 Τῆνον,
971 1497 1204 1574 Τηνίους
1229 1497 1290 1556 δὲ
1317 1501 1373 1559 ἐς
1400 1501 1617 1573 Δῆλον.
1686 1497 1908 1558 οἷπικνέ·

309 1589 474 1648 εσθαι
504 1587 609 1665 μέν
633 1613 731 1647 νυν
755 1590 932 1646 ταῦτα
956 1585 1029 1644 τοὶ
1058 1585 1152 1662 ἱροὶ
1178 1583 1320 1644 οὕτω
1346 1586 1585 1666 λέγουσι
1612 1590 1668 1650 ἐς
1695 1589 1911 1667 Δῆλον·

304 1679 524 1753 πρῶτον
556 1674 616 1732 δὲ
651 1672 781 1736 τούς
816 1671 1232 1751 αΥπερβορεόυς
1260 1673 1482 1752 πέμψαι
1514 1672 1801 1752 φερούσας
1837 1675 1914 1735 τᾶ.

308 1761 399 1839 ἶροῖ
432 1760 530 1821 δύο
562 1760 745 1838 κόρας,
768 1758 872 1822 τοῖς
903 1760 1276 1837 οὗνομάζουσι
1309 1762 1518 1839 Δήλιοι
1549 1762 1690 1823 εἶναι
1713 1762 1910 1841 ’Υπερ-

305 1850 447 1928 όχην
488 1873 552 1909 τε
594 1849 687 1907 καὶ
727 1847 1027 1923 Λαοδίκην·
1085 1848 1206 1925 ἅμα
1253 1849 1314 1909 δὲ
1355 1849 1564 1929 αὐτῇσι
1617 1849 1914 1927 ἀσφαλίης

308 1938 507 1998 εἵνεκεν
532 1937 752 2015 πέμψαι
778 1935 908 2000 τούς
930 1935 1345 2014 Ὑπερβορέους
1366 1942 1480 1998 τῶν
1495 1938 1683 1999 οἷστῶν
1708 1936 1914 2017 ἄνδρας

306 2026 473 2087 πέντε
506 2024 784 2103 πομποῦς,
810 2022 1041 2088 τούτους
1066 2023 1119 2083 οῗ
1145 2028 1242 2085 νῦν
1269 2022 1589 2102 Περφερέες
1615 2026 1914 2087 καλέονται

305 2114 470 2193 τιμᾶς
494 2113 749 2195 μεγάλας
767 2116 827 2173 ἐν
848 2112 1021 2192 Δήλῳ
1048 2112 1286 2191 ἔχοντες·
1307 2114 1436 2172 ’ἐπεὶ
1457 2114 1518 2172 δὲ
1536 2117 1690 2173 τοῖσι
1714 2113 1912 2192 ’Υπερ-

306 2204 569 2279 βορέοισι
586 2200 717 2265 τοῦς
731 2200 1203 2277 ἀποπεμφθέντας
1216 2199 1398 2259 ὀπίσω
1415 2199 1515 2259 οὐκ
1531 2200 1910 2274 ἀπονοστέειν,

308 2288 457 2348 δεινοὶ
488 2289 845 2364 ποιευμένους
875 2292 924 2346 εἴ
957 2287 1144 2364 σφέας
1180 2287 1286 2347 αἰεὶ
1318 2287 1748 2367 καταλάμψεται
1775 2290 1912 2351 οἷπο-

306 2377 653 2438 στέλλοντας
691 2374 774 2452 μή
817 2373 1208 2447 ἀποδέκεσθαι,
1257 2374 1398 2436 οὕτω
1438 2376 1508 2454 δὴ
1550 2378 1826 2454 φέροντας
1856 2384 1914 2444 ἐς

309 2463 439 2525 τούς
464 2460 659 2539 οὔρους
683 2462 755 2522 τοὶ
782 2462 874 2539 ἱροὶ
900 2462 1220 2540 ἐνδεδεμένα
1247 2468 1307 2524 ἐν
1329 2468 1520 2542 πυρῶν
1546 2463 1776 2545 καλάμῃ
1793 2470 1914 2532 τοῖς

304 2549 723 2629 πλησιοχώροις
774 2550 1138 2626 ἐπισκήπτειν
1181 2552 1526 2616 κελεύονταῖ
1558 2555 1914 2631 προπέμπειν

306 2640 464 2715 σφέα
510 2636 623 2699 σ’,πό
671 2640 882 2699 ἑωυτῶν
925 2643 981 2702 ἐς
1021 2637 1174 2698 ἄλλο
1219 2640 1392 2704 ἔθνος·
1453 2640 1545 2699 καὶ
1584 2644 1767 2701 ταῦτα
1808 2644 1914 2718 μὲν

308 2726 449 2787 οὕτω
479 2726 923 2804 προπεμπόμενα
958 2724 1322 2787 α’πικνέεσθαι
1348 2728 1586 2809 λέγουσι
1612 2732 1668 2790 ἐς
1696 2731 1911 2803 Δῆλον·

308 2814 433 2873 οἶδα
470 2814 531 2872 δὲ
561 2814 727 2877 αύτός
765 2813 1019 2875 τούτοισι
1047 2817 1204 2873 τοῖσι
1232 2818 1407 2891 ἶροῖσι
1430 2815 1560 2876 τόδε
1583 2814 1915 2893 ποιεύμενον

304 2902 646 2978 προσφερές·
676 2901 779 2965 τὰς
804 2901 1070 2979 Θρηϊκίας
1090 2902 1181 2961 καὶ
1196 2901 1298 2967 τὰς
1312 2903 1616 2967 Παιονίδας
1628 2907 1910 2985 γυναῖκας,

306 2987 475 3047 ἐπεοῖν
518 2988 696 3047 θύωσι
736 2992 809 3068 τῇ
848 2988 1135 3067 Ἀρτέμιδι
1175 2992 1248 3068 τῇ
1295 2991 1599 3069 Βασιληΐῃ,
1637 2990 1742 3051 ούκ
1782 2991 1914 3052 ἄνευ

304 3076 492 3145 πυρῶν
519 3074 776 3151 καλάμης
808 3075 1053 3139 θυούσας
1082 3074 1156 3135 τὰ
1191 3077 1302 3153 ἱρά.
1386 3079 1480 3138 καὶ
1507 3083 1686 3139 ταῦτα
1710 3082 1816 3156 μὲν
1841 3078 1912 3156 δὴ

214 3150 290 3209 34
308 3155 431 3213 οἶδα
463 3158 669 3222 ταύτας
699 3160 987 3225 ποιεύσας.
1054 3165 1206 3239 Τῇσι
1231 3164 1290 3223 δὲ
1314 3166 1648 3243 παρθένοισι
1671 3166 1914 3246 ταύτῃσι

308 3241 446 3314 Τᾒσῑ
479 3242 545 3309 ἐξ
577 3244 971 3322 ’Ὑπερβορέων
1000 3251 1462 3331 τελευτησάσῃσι
1497 3257 1556 3312 ἐν
1584 3252 1778 3333 Δήλῳ,
1806 3253 1912 3313 κεί-
