2250 3500
318 115 1287 168 158⁸HPOA0’1'0'1·
1814 113 1917 180 [11.

313 194 585 272 βασιλέα,
620 177 892 271 κλῆρον’
867 219 996 254 ισον
1034 193 1253 274 ἑκάστῳ
1290 191 1636 273 τετράγωνον
1675 191 1919 256 διδόντα·

314 282 409 342 καὶ
446 279 561 342 ἀπὸ
597 279 799 342 τούτου
837 307 938 346 τας
976 281 1293 359 προσόδους
1329 279 1760 356 ποιήσασθαι,’
1733 282 1922 343 επιτά-

313 369 486 440 ξαντα
538 367 841 446 ἀποφορὴν
893 370 1198 430 ἐπιτελέειν
1244 367 1361 436 κατ’
1412 366 1679 429 ἐνιαυτόν.
1764 373 1815 428 εἰ
1860 370 1926 432 δέ

310 481 460 520 τινος
483 459 584 517 τοῦ
611 455 824 534 κλήρου
855 456 889 518 ὅ
924 456 1179 535 ποταμός
1203 481 1260 518 τι
1294 455 1619 533 παρέλοιτο,
1648 456 1828 517 ἐλθών
1852 454 1923 519 ἂν

312 544 454 622 πρὸς
483 542 654 604 αὖτόν
691 543 959 622 ἐσήμαινε
992 544 1061 606 τὸ
1095 543 1484 626 γεγενημένον·
1540 542 1575 604 ὅ
1611 543 1672 604 δὲ
1706 544 1922 622 ἔπεμπε

311 630 442 696 τοῦς
467 633 940 711 ἐπισκεψομένους
965 632 1059 691 καὶ
1085 629 1577 710 ἀναμετρήσοντας
1604 629 1723 712 ὅσῳ
1748 631 1921 695 ἐλάσ-

313 746 430 781 σων
462 719 495 780 ὅ
528 723 711 800 χῶρος
749 719 965 801 γέγονε,
992 717 1136 801 ὅκως,
1169 723 1271 781 τοῦ
1311 721 1519 779 λοιποῦ
1560 718 1703 779 κατὰ
1742 718 1921 801 λόγον

309 813 414 884 τῆς
465 805 805 888 τεταγμένης
857 805 1155 883 ἀποφορῆς
1203 806 1408 868 τελέοι.
1491 805 1670 866 δοκέει
1714 806 1778 866 δέ
1820 833 1920 884 μοι

315 897 564 957 ε’νθεῦτεν
590 894 896 976 γεωμετρίη
923 893 1231 972 εὕρεθεῖσα,
1260 898 1317 958 ἐς
1340 890 1447 970 τήν
1472 892 1730 954 Ἑλλάδα
1757 899 1920 956 ε’παν-

315 984 520 1043 ελθεῖν.
600 979 784 1041 πόλον
819 983 926 1059 μὲν
963 979 1076 1063 γάρ
1119 981 1213 1042 καὶ
1250 981 1529 1063 γνώμονα,
1560 982 1653 1040 καὶ
1682 979 1756 1042 τοὶ
1786 981 1924 1042 δυώ-

312 1070 444 1130 δεκα
483 1068 658 1147 μέρεα
692 1073 792 1146 τῆς
827 1068 1052 1148 ἡμέρης,
1084 1069 1241 1147 παρὰ
1285 1069 1667 1145 Βαβυλωνίων
1710 1070 1918 1148 ἔμαθον

221 1159 336 1218 110
355 1161 410 1218 οἱ
426 1156 725 1232 Ἕλληνες.
779 1156 1079 1222 -Βασιλεῦς
1101 1160 1208 1235 μὲν
1235 1156 1303 1234 δή
1334 1155 1495 1221 οὗτος
1520 1160 1725 1234 μοῦνος
1751 1157 1917 1240 Αἰγύ-

311 1271 472 1309 πτιος
502 1245 798 1322 Αἰθιοπίης
828 1245 982 1322 ἦρξε.
1063 1244 1400 1324 μνημόσυνα
1438 1245 1502 1304 δὲ
1540 1244 1767 1306 ἐλίπετο
1804 1247 1917 1324 πρὸ

311 1338 412 1395 τοῦ
435 1333 814 1411 Ἡφαιστείου
849 1332 1177 1412 ανδριάντας
1216 1334 1479 1404 λιθίνους,
1511 1331 1610 1392 δυο
1638 1335 1744 1411 μὲν
1767 1333 1919 1411 τριή-

314 1447 484 1484 κοντα
516 1420 759 1502 πήχεων,
798 1421 998 1483 ἑωυτόν
1029 1447 1094 1482 τε
1135 1421 1231 1481 καὶ
1267 1420 1373 1497 τήν
1410 1424 1663 1502 γυναῖκα,
1698 1446 1830 1486 τους
1859 1421 1921 1482 δὲ

311 1512 515 1576 παῖδας
568 1511 759 1575 ἐόντας
807 1511 1100 1589 τέσσερας,
1152 1510 1332 1570 εικοσι
1384 1508 1607 1589 πήχεων
1661 1508 1919 1572 ἕκαστον.

311 1603 423 1659 τῶν
471 1598 540 1674 δὴ
593 1597 626 1658 ὅ
676 1599 821 1676 ἷρεῦς
870 1602 973 1659 τοῦ
1012 1598 1341 1673 Ἡφαίστου
1391 1596 1575 1677 χρόνῳ
1624 1597 1922 1673 μετέπειτα

312 1688 514 1765 πολλῷ
567 1689 809 1763 Δαρεῖον
846 1685 946 1746 τόν
985 1685 1222 1763 Πέρσην
1275 1683 1341 1745 οὗ
1392 1685 1631 1764 περιεῖδε
1684 1684 1921 1746 ἱστάντα

315 1773 634 1851 ἔμπροσθεν
660 1771 972 1850 ἀνδριάντα,
1011 1772 1128 1849 φσῖς
1167 1772 1275 1833 “01³5
1312 1776 1367 1834 οἱ
1401 1774 1750 1849 πεποιῆσθαι
1784 1775 1921 1855 ἔργα

315 1860 410 1922 οἶά
432 1885 538 1938 περ
567 1857 860 1938 Σεσώστρι
883 1865 962 1940 τῷ
986 1862 1293 1942 Αἰγυπτίῳ.
1336 1862 1661 1940 Σέσωστριν
1679 1863 1783 1939 μὲν
1807 1862 1920 1942 γαῖρ

315 1947 471 2009 ἄλλα
495 1974 558 2009 τε
585 1948 1084 2027 καταστρέψασθαι
1111 1949 1271 2009 ἔθνεα
1306 1947 1407 2009 οῦκ
1434 1948 1666 2009 ἐλάσσω
1692 1949 1918 2020 ἐκείνου,

317 2037 410 2097 καὶ
463 2036 531 2113 δή
587 2036 680 2097 καὶ
733 2034 969 2102 Σκύθας·
1053 2039 1294 2115 Δαρεῖον
1347 2036 1407 2096 δὲ
1460 2036 1525 2097 οὗ
1579 2036 1921 2113 δυνασθῆναι

317 2123 534 2191 Σκύθας
561 2127 726 2185 ἑλεῖν.
768 2123 944 2186 οὔκων
969 2124 1182 2185 δίκαιον
1210 2124 1351 2185 εἶναι
1384 2123 1607 2195 ἱστάναι
1633 2124 1920 2201 ἔμπροσθε

313 2217 425 2274 τῶν
465 2214 672 2274 ἐκείνου
713 2212 1097 2291 ἀναθημάτων,
1138 2211 1221 2289 μὴ
1270 2210 1369 2272 οὐκ
1414 2210 1921 2290 ὑπερβαλλόμενον

313 2304 470 2360 τοῖσι
523 2302 758 2382 ἔργοισι.
757 2298 788 2319 ”
872 2304 1111 2378 Δαρεῖον
1169 2325 1275 2378 μεν
1336 2324 1433 2361 νυν
1490 2298 1728 2381 λέγουσι
1779 2298 1921 2379 πρός

313 2392 493 2447 ταῦτα
519 2385 856 2467 συγγνώμην
881 2386 1253 2463 ποιήσασθαι·

225 2476 333 2535 111
397 2472 752 2550 Σεσώστριος
783 2473 843 2532 δὲ
876 2473 1333 2550 τελευτήσαντος,
1366 2473 1697 2545 εκδέξασθαι
1724 2446 1921 2556 ελεγον

316 2558 421 2637 τήν
450 2560 767 2637 βασιληιην
799 2561 900 2623 τᾶν
934 2562 1112 2622 παῖδα
1142 2562 1311 2624 αὐτοῦ
1344 2566 1551 2641 Φερῶν·
1592 2561 1691 2622 τόν
1718 2560 1918 2623 ‹in-08⁶-

319 2648 527 2720 ξασθαι
566 2650 670 2725 μὲν
718 2647 978 2727 οὐδεμίαν
1029 2650 1355 2729 στρατηίην,
1396 2650 1821 2730 συνενειχθῆναι
1859 2650 1921 2711 δὲ

317 2739 372 2798 οἱ
396 2734 619 2814 τυφλόν
651 2737 916 2818 γενέσθαι
946 2737 1038 2799 διοὶ
1075 2738 1291 2800 τοιόνδε
1325 2742 1580 2819 πρῆγμα·
1620 2741 1722 2798 τοῦ
1746 2762 1920 2798 ποτα-

315 2829 428 2903 μοῦ
465 2823 831 2891 κατελθόντος
870 2827 1116 2909 μέγιστα
1154 2826 1223 2903 δή
1262 2824 1391 2887 τότε
1432 2825 1519 2886 ἐπ’
1552 2823 1923 2886 ὀκτωκαίδεκα

319 2912 550 2991 πήχεας,
609 2912 681 2977 ὥς
745 2913 1068 2992 ὑπερέβαλε
1130 2912 1230 2977 τοὶς
1287 2912 1542 2991 ἀρούρας,
1607 2912 1924 2991 πνεύματος

319 2998 679 3075 ἐμπεσόντος,
729 3003 996 3078 κυματίης
1036 3000 1070 3060 ὅ
1111 3000 1365 3076 ποταμός
1408 3002 1642 3080 ἐγένετο·
1710 3000 1811 3061 τᾶν
1862 3000 1923 3060 δὲ

319 3086 574 3158 βασιλέα
624 3087 862 3169 λέγουσι
912 3091 1112 3149 τοῦτον
1170 3086 1493 3167 ἀτασθαλίῃ
1544 3087 1925 3167 χρησάμενον,

320 3172 583 3245 λαβόντα
627 3175 837 3253 αἰχμήν
881 3174 1114 3251 βαλέειν
1164 3178 1219 3237 ἐς
1261 3176 1445 3251 μέσας
1481 3175 1585 3241 τὰς
1630 3176 1781 3241 δίνας
1820 3178 1925 3239 τοῦ

321 3262 598 3323 ποταμοῦ·
678 3260 822 3337 μετὰ
873 3261 951 3332 δὲ,
1001 3259 1201 3321 αὐτίκα
1262 3260 1513 3338 καμόντα
1573 3260 1745 3325 αὖτόν
1783 3269 1921 3331 τοῦς
