2250 3500
318 83 419 134 304
920 79 1298 130 ‘mommo‘r
1701 87 1708 97 ·
1789 76 1918 143 [IV.

318 159 519 223 θυσίας
553 159 828 232 ἐπετείους
856 159 1236 240 προσάγουσι
1255 156 1560 235 προβάτων
1596 157 1689 217 καὶ
1718 157 1922 231 ἵππων,

320 248 413 306 καὶ
445 246 513 322 δή
546 249 639 307 καὶ
678 247 856 308 τοῖσδ’
886 249 966 307 ἔτι
1006 248 1160 306 πλέω
1203 246 1402 313 θύουσι
1429 244 1467 320 ἢ
1493 248 1647 304 τοῖσι
1687 243 1925 306 ἄλλοισι

319 334 518 394 θεοῖσι·
559 333 729 398 ὅσους
765 334 810 394 δ’
844 333 911 395 ἂν
942 338 1053 395 τῶν
1086 333 1374 410 πολεμίων
1415 331 1765 413 ζωγρήσωσι,
1803 331 1920 393 ‹in-6

316 425 428 482 τῶν
468 420 663 483 ἐκατόν
703 421 915 499 ἀνδρῶν
944 421 1120 499 ἄνδρα
1153 421 1248 480 ἕνα
1285 419 1502 489 θύουσι,
1528 418 1718 498 τρόπῳ
1746 418 1810 479 οὗ
1847 425 1930 499 τῷ

320 508 466 589 αὐτῷ
505 537 548 568 ω
588 510 681 569 καὶ
718 534 790 569 τα
828 508 1112 586 πρόβατα,
1155 506 1289 566 ἀλλ’
1331 507 1569 585 ἐτεροίω·
1613 506 1783 566 ἐπεαν
1811 507 1926 588 γοὶρ

324 597 475 658 οἶνον
518 597 895 657 ἐπισπείσωσι
940 621 1081 656 κατα
1134 599 1246 655 τῶν
1298 595 1606 670 κεφαλέων,
1649 593 1926 701 ἀποσφά-

321 685 484 756 ζουσι
520 711 651 748 τους
688 684 1010 762 ἀνθρώπους
1048 689 1105 747 ἐς
1145 681 1335 764 ἄγγος,
1363 681 1456 741 καὶ
1495 682 1685 741 ἔπειτα
1721 680 1928 742 ἀνενεί-

322 797 517 836 καντες
540 771 651 833 ἅνω
679 772 770 832 ἐπὶ
794 771 894 832 τόν
917 771 1088 853 ὄγκον
1117 775 1229 830 τῶν
1261 768 1556 850 φρυγάνων
1586 770 1928 848 καταχέουσι

320 859 388 920 τό
416 860 555 937 αἷμα
580 864 681 920 τοῦ
706 839 1011 929 άκινάκεοςή
1050 858 1163 920 ἅνω
1188 860 1292 934 μὲν
1319 857 1388 932 δή
1429 857 1704 934 φορέουσι
1735 861 1925 918 τοῦτο·

322 946 469 1006 κάτω
508 946 569 1006 δὲ
598 946 752 1024 παρά
784 946 852 1006 τὸ
895 945 1017 1024 ῖρόν
1042 950 1281 1014 ,ποιεῦσι
1316 943 1467 1005 τάδε·
1507 947 1619 1004 τῶν
1657 942 1928 1029 ἀποσφα-

319 1035 525 1115 γέντων
555 1033 767 1111 ἀνδρῶν
796 1034 926 1096 τούς
964 1033 1178 1104 δεξιοῦς
1217 1029 1398 1109 ὤμους
1435 1031 1650 1096 πάντας
1673 1030 1928 1109 ἀποτάμ-

322 1147 509 1184 νοντες
534 1121 642 1180 σῦν
666 1124 807 1200 τῇσι
834 1121 1003 1200 χερσὶ
1038 1125 1094 1184 ἐς
1128 1119 1231 1182 τόν
1259 1120 1401 1197 ἠέρα
1431 1119 1704 1190 ἶεῖσι,·καὶ
1735 1121 1926 1180 ἔπειτα

324 1209 417 1268 καὶ
441 1208 515 1269 τοὶ
540 1207 695 1268 ἄλλα
720 1205 1056 1287 ἀπέρξαντες
1082 1208 1236 1285 ἱρήῖα
1261 1207 1758 1268 ἀπαλλάσσονται·
1797 1208 1926 1286 χεὶρ

228 1299 304 1359 63
324 1297 383 1356 δὲ
420 1300 493 1377 τῇ
532 1295 604 1357 ἂν
640 1297 793 1376 πέσῃ
836 1292 1032 1367 κέεται,
1059 1297 1154 1355 καὶ
1191 1294 1358 1374 χωρὶς
1381 1289 1429 1355 ’ὁ
1467 1294 1674 1372 νεκρός·
1716 1296 1926 1355 Θυσίαι

321 1385 428 1463 μέν
461 1411 559 1446 νυν
594 1381 763 1446 αὗταί
798 1390 913 1461 σφι
952 1384 1304 1453 κατεστέασι,
1332 1381 1430 1443 ὑσὶ
1471 1382 1552 1452 δὲἱ
1571 1380 1728 1442 οὗτοι
1766 1381 1928 1443 οὐδὲν

323 1474 635 1551 νομίζουσι·
704 1471 829 1534 οὐδὲ
874 1473 1099 1550 τρέφειν
1146 1475 1206 1532 ἐν
1243 1473 1316 1550 τῇ
1355 1469 1510 1550 χώρῃ
1549 1469 1616 1530 τό
1655 1468 1926 1548 παράπαν

326 1560 579 1623 θέλουσι.

230 1649 308 1708 64
406 1648 491 1708 Τοὶ
542 1647 590 1707 δ’
645 1652 701 1712 ἐς
748 1648 1005 1726 πόλεμον
1055 1651 1258 1728 ἔχοντα
1309 1644 1416 1708 ὧδέ
1463 1652 1578 1723 σφι
1630 1644 1924 1708 διακέεται·

326 1735 493 1797 ἐπέσῖν
535 1735 637 1797 τόν
686 1739 907 1813 πρῶτον
944 1733 1121 1814 ἄνδρα·
1159 1734 1462 1815 καταβάλῃ
1504 1733 1644 1812 άνῆρ
1687 1735 1926 1813 Σκύθης,

324 1827 427 1884 τοῦ
467 1822 700 1899 αἵματος
752 1825 984 1901 ἐμπίνει·
1054 1823 1224 1889 ὅσους
1263 1823 1311 1883 δ’
1351 1821 1419 1884 ἂν
1462 1822 1714 1902 φονεύσῃ
1756 1828 1815 1884 ἐν
1851 1828 1928 1903 τῇ

322 1909 497 1989 μάχῃ,
537 1910 745 1973 τούτων
788 1912 898 1978 τοῖς
937 1912 1191 1989 κεφαλὰς
1231 1910 1509 1989 ἀποφέρει
1545 1916 1624 1991 τῷ
1660 1912 1927 1988 βασιλέϊ·

322 1998 613 2063 ἀπενείκας
635 2001 739 2077 μὲν
761 1999 873 2081 γιὶρ
901 2001 1159 2077 κεφαλήν
1181 2002 1285 2075 τῆς
1308 1999 1474 2075 ληΐης
1497 1999 1930 2077 μεταλαμβάνει

324 2088 428 2163 τήν
453 2085 521 2147 ἂν
545 2087 793 2165 λάβωσι,
813 2087 894 2165 μὴ
922 2089 1130 2151 ἐνείκας
1154 2088 1214 2147 δὲ
1241 2084 1325 2146 οὔ·
1357 2086 1641 2165 ἀποδείρει
1666 2087 1726 2147 δὲ
1749 2086 1930 2163 αὐτὴν

323 2174 511 2255 τρόπω
549 2176 757 2235 τοιῶδε·
797 2200 1115 2253 περιταμων
1155 2173 1340 2233 κύκλω
1378 2176 1510 2251 περὶ
1547 2174 1622 2233 τοὶ
1661 2172 1789 2245 ὦτα,
1831 2200 1928 2234 και

324 2263 649 2340 λαβόμενος
682 2267 785 2339 τῆς
821 2267 1134 2339 κεφαλῆς’
1104 2262 1325 2323 εκσείει·
1365 2262 1509 2339 μετὰ
1543 2261 1619 2333 δε,
1647 2262 1928 2347 σαρκίσας

326 2349 471 2425 βοός
506 2353 724 2428 πλευρῇ
764 2350 921 2427 δέψει
957 2354 1096 2430 τῇσι
1133 2350 1321 2430 χερσί·
1397 2348 1649 2431 ὄργήσας
1688 2342 1748 2409 δὲ
1787 2349 1927 2411 αὖτο

324 2436 423 2497 ἅτε
461 2436 865 2515 χειρόμακτρον
906 2439 1148 2513 ἔκτηται·
1188 2442 1250 2497 ἐκ
1289 2438 1351 2497 δε
1387 2462 1499 2497 των
1537 2440 1788 2517 χαλινων
1822 2442 1929 2499 τοῦ

327 2524 500 2584 ἵππου
541 2523 652 2584 -τὸν
701 2523 865 2589 αυτός
894 2525 1140 2597 ἐλαύνει,
1194 2531 1256 2586 ἐκ
1305 2524 1509 2586 τούτου
1550 2525 1790 2596 ἐξάπτει,
1831 2526 1930 2586 καὶ

324 2611 654 2694 ἀγάλλεται·
682 2638 744 2677 ος
767 2612 879 2695 γάρ
907 2640 975 2674 αν
1000 2618 1248 2675 πλεῖστα
1274 2614 1520 2691 δέρματα
1544 2612 1930 2692 χειρόμακτρα

324 2701 443 2780 ἔχῃ,
478 2700 618 2778 οἷνήρ
654 2700 885 2779 ἄριστος
916 2698 1076 2765 οὗτος
1108 2703 1371 2779 κέκριται·
1411 2702 1627 2761 πολλοὶ
1657 2700 1717 2759 δὲ
1743 2699 1931 2764 αυτῶν

324 2792 387 2848 ἐκ
409 2792 519 2849 τῶν
538 2788 933 2867 ἀποδερμάτων
959 2790 1051 2848 καὶ
1077 2790 1315 2868 χλαίνας
1335 2789 1658 2849 ἐπείνυσθαι
1678 2791 1929 2859 ποιεῦσι,

322 2875 736 2953 συρράπτοντες
776 2877 1021 2954 κατάπερ
1059 2878 1284 2954 βαίτας·
1351 2877 1564 2937 πολλοὶ
1605 2876 1668 2936 δὲ
1713 2874 1932 2953 ἀνδρῶν

325 2964 537 3040 ἐχθρῶν
561 2963 663 3027 τάς
690 2963 871 3035 δεξιοῖς
893 2966 1064 3045 χέρας
1087 2968 1292 3041 νεκρῶν
1313 2962 1512 3025 ἐόντων
1536 2962 1932 3041 ἀποδείραντες

323 3046 545 3108 αυτοῖσι
582 3049 748 3122 ὄνυξι,
776 3051 1097 3128 καλύπτρας
1127 3055 1237 3112 τῶν
1269 3053 1590 3131 φαρετρέων
1620 3056 1933 3114 ποιεῦνται·

325 3131 501 3208 δέρμα
532 3136 592 3195 δὲ
632 3137 925 3215 οἷνὈρῶπου
966 3137 1059 3197 καὶ
1101 3138 1253 3219 παχι)
1293 3141 1387 3200 καὶ
1426 3139 1756 3219 λαμπρον’
1718 3165 1791 3217 ην
1815 3165 1934 3220 apa

325 3218 533 3292 σχεδὸν
585 3222 867 3299 δερμάτων
907 3224 1128 3288 πάντων
1165 3227 1593 3307 λαμπρότατον
1607 3227 1936 3305 λευκότητι·
1959 3256 1980 3267 -
