2250 3500
359 134 455 180 120
951 129 1321 178 nrvomo‘r
1858 128 1967 191 [11.

359 208 556 284 ὥρέων,
583 208 676 266 καὶ
698 211 800 268 τοῦ
825 206 1061 285 ουρανοῦ
1095 212 1170 286 τῇ
1205 209 1309 284 μὲν
1333 211 1432 267 νῦν
1460 205 1495 266 ό
1526 207 1739 284 βορέης
1774 232 1839 268 τε
1865 208 1965 268 καὶ

363 295 395 356 ὁ
421 320 629 372 χειμων
671 297 874 354 ἑστᾶσι
911 294 1086 373 ταύτῃ
1118 296 1222 371 μὲν
1252 299 1354 355 τοῦ
1390 293 1552 354 νότου
1582 293 1652 368 ἦν
1680 293 1719 369 ἦ
1751 294 1965 360 στάσις

358 383 450 440 καὶ
473 385 574 457 τῆς
598 382 978 460 μεσαμβρίης,
1002 387 1074 461 τῇ
1101 381 1221 446 δὲε
1188 408 1220 441 ο
1248 382 1408 445 νότος
1435 385 1531 441 νῦν
1558 381 1759 456 ἔστηκε
1781 387 1967 462 ταῦτῃ

357 469 427 544 δὴ
453 468 484 528 ὁ
510 470 735 546 βορέης,
765 474 814 529 εἰ
837 472 1014 530 ταῦτα
1041 469 1183 530 οὕτω
1210 469 1344 548 εἶχε,
1373 468 1405 528 ό
1431 467 1593 544 ἥλιος
1619 467 1688 529 ἂν
1714 468 1963 530 ἀπελαυ-

356 555 584 633 νόμενος
609 561 670 615 ἐκ
697 557 878 634 μέσου
903 561 1004 617 τοῦ
1039 556 1276 634 οὐρανοῦ
1300 554 1411 624 ὖπό
1441 560 1542 617 τοῦ
1567 559 1838 636 χειμῶνος
1863 559 1962 619 καὶ

355 649 456 705 τοῦ
481 647 667 723 βορέω
691 644 780 721 ἤϊε
804 643 872 705 ἂν
896 644 970 705 τὰ
999 642 1110 706 ἅνω
1140 649 1242 721 τῆς
1272 643 1559 721 Εὐρώπης,
1587 642 1832 720 κατάπερ
1858 649 1963 706 νῦν

354 737 457 808 τῆς
482 733 704 810 Λιβύης
736 733 972 812 ἔρχεται·
1015 731 1287 802 διεξιόντα
1353 731 1368 751 ’
1408 730 1476 792 ἅν
1504 757 1603 808 μιν
1638 731 1728 790 δια
1765 732 1961 840 πάσης

355 821 638 898 Εὐρώπης,
663 822 906 897 ἔλπομαι
931 820 1141 882 ποιέειν
1166 818 1235 879 ἂν
1259 845 1359 880 τον
1374 813 1604 896 Ἴστρον
1628 819 1700 879 τά
1724 845 1831 897 περ
1858 825 1959 882 νῦν

259 907 335 968 27
356 909 641 989 ἐργάζεται
671 933 771 968 τον
803 911 1034 968 Νεῖλον.
1116 911 1231 983 Τῆς
1255 905 1424 983 αὔρης
1459 906 1518 966 δὲ
1546 909 1691 983 πέρι,
1730 905 1818 968 ὅτι
1854 907 1959 970 οὐκ

352 995 632 1068 ἀποπνέει,
660 995 891 1070 τήνδε”’
861 1021 968 1074 εχω
1003 995 1245 1076 γνώμην,
1276 1021 1346 1058 ως
1377 993 1553 1072 κάρτα
1588 993 1699 1054 ἀπο
1738 995 1959 1072 θερμων

353 1083 574 1161 χωρέων
599 1081 698 1142 οὔκ
725 1081 874 1146 οἰκός
899 1088 1025 1142 ἐστι
1051 1081 1272 1143 οὐδὲν
1237 1082 1548 1144 αποπνέειν·
1586 1082 1728 1160 αὔρη
1754 1083 1873 1142 δε’
1838 1110 1957 1146 απο

354 1173 571 1248 ψυχροῦ
596 1195 744 1233 τινος
771 1171 958 1246 φιλέει
983 1171 1186 1232 πνέειν.

257 1259 334 1317 28
434 1262 622 1318 Ταῦτα
673 1260 778 1336 μέν
831 1285 928 1320 νυν
968 1261 1110 1319 ἔστω
1153 1258 1225 1322 ὥς
1266 1259 1387 1320 ἔστι
1426 1285 1489 1319 τε
1530 1257 1621 1316 καὶ
1662 1256 1734 1325 ὥς
1774 1258 1957 1338 ἀρχὴν

356 1346 592 1427 ἐγένετο.
673 1351 774 1408 τοῦ
811 1347 871 1407 δὲ
902 1349 1115 1407 Νεῦιου
1146 1345 1247 1410 τὰς
1276 1344 1461 1427 πηγοὶς
1488 1345 1611 1407 οὔτε
1639 1349 1958 1426 Αἰγυπτίων

355 1435 481 1495 οὔτε
507 1434 738 1513 Λιβύων
765 1435 890 1497 οὔτε
915 1434 1205 1510 Ἑλλήνων
1230 1437 1341 1495 τῶν
1373 1434 1498 1510 ἐμοὶ
1529 1431 1875 1508 ἀπικομένων
1900 1440 1957 1500 ἐς

349 1523 556 1604 λόγους
582 1523 757 1586 οὐδεὶς
782 1523 1063 1603 ὑπέσχετο
1091 1523 1305 1592 εἰδέναι,
1335 1525 1383 1581 εἰ
1407 1521 1489 1598 μὴ
1518 1525 1577 1581 ἐν
1602 1521 1867 1602 Αἰγύπτῳ
1892 1528 1955 1583 ἐν

352 1611 460 1674 Edi:
495 1612 632 1670 πόλι
674 1611 705 1671 ὁ
740 1609 1171 1690 γραμματιστής
1207 1613 1317 1670 τῶν
1356 1612 1486 1686 ἶρῶν
1516 1608 1818 1688 χρημάτων
1850 1615 1953 1687 τῆς

351 1695 664 1773 Ἀθηναίης·
709 1696 870 1761 οὗτος
905 1696 952 1757 δ’
987 1698 1116 1774 ἐμοί
1141 1722 1208 1777 γε
1238 1697 1454 1770 παίζειν
1494 1695 1676 1757 ἐδόκεε
1703 1696 1953 1775 φάμενος

352 1784 550 1843 εἰδέναι
575 1784 858 1862 οἷτρεκέως.
935 1786 1092 1865 ἔλεγε
1121 1784 1180 1843 δὲ
1208 1783 1329 1845 ὦδε·
1372 1785 1554 1846 “εἰναι
1580 1784 1677 1845 δύο
1704 1784 1869 1864 οὔρεα
1894 1792 1950 1852 ἐς

347 1870 444 1940 ὀξῦ
469 1870 569 1935 τοὶς
597 1871 844 1950 κορυφὰς
869 1870 1165 1952 ἀπιγμένα,
1191 1873 1399 1949 μεταξὺ
1423 1872 1637 1950 Συήνης
1661 1901 1723 1935 τε
1748 1873 1949 1939 πόλιος

350 1962 572 2038 κείμενα
610 1964 710 2036 τῆς
751 1960 1035 2037 Θηβαΐδος
1075 1961 1167 2020 καὶ
1200 1960 1622 2038 Ἐλεφαντίνης·
1664 1961 1947 2041 οὐνόματα

349 2050 409 2110 δὲ
443 2049 579 2110 εἶναι
617 2054 772 2111 τοῖσι
813 2047 1021 2126 οὔρεσι,
1048 2048 1125 2129 τῷ
1165 2051 1268 2127 μὲν
1299 2054 1505 2127 Κρῶφι
1544 2054 1621 2127 τῷ
1660 2049 1719 2109 δὲ
1744 2055 1942 2128 Μῶφι·

342 2139 442 2203 τοὶς
469 2138 542 2199 ὧν
577 2138 646 2217 δή
689 2138 873 2221 πηγὰς
903 2142 1004 2199 τοῦ
1039 2139 1273 2207 Νείλου,
1308 2136 1509 2202 ἐούσας
1540 2136 1855 2214 ἀβύσσους,
1884 2144 1943 2199 ἐκ

342 2232 443 2287 τοῦ
495 2228 674 2303 μέσου
725 2232 836 2289 τῶν
877 2226 1078 2304 οὐρέων
1117 2225 1325 2286 τούτων
1364 2227 1525 2303 ῥέειν·
1597 2226 1689 2285 καὶ
1734 2225 1801 2286 τό
1840 2229 1943 2303 μὲν

344 2314 521 2389 ἥμισυ
545 2318 644 2373 τοῦ
663 2314 859 2377 ὕδατος
882 2314 965 2373 ἐπ’
981 2314 1273 2397 Αἰγύπτου,
1285 2313 1429 2390 ῥέειν
1456 2313 1547 2372 καὶ
1572 2313 1713 2390 πρὸς
1730 2316 1943 2391 βορέην

346 2400 564 2475 ἄνεμον,
605 2400 671 2459 τό
715 2401 760 2459 δ’
804 2402 989 2476 ἕτερον
1039 2400 1235 2477 ἥμισυ,
1280 2402 1371 2461 ἐπὶ
1411 2402 1707 2477 Αἰθιοπίης
1745 2427 1808 2461 τε
1850 2402 1941 2462 καὶ

345 2485 639 2553 νότου·,ὦς
678 2487 738 2545 δὲ
777 2486 1038 2563 ἅβυσσοί
1075 2493 1185 2549 εἰσι
1227 2493 1286 2549 αἰ
1324 2491 1518 2571 πηγαὶ,
1561 2495 1617 2553 ἐς
1656 2489 1942 2567 διάπειραν

347 2575 456 2651 ἔφη
496 2572 695 2635 τούτου
735 2575 1091 2653 Ψαμμίτιχον
1133 2577 1417 2658 Αἰγύπτου
1456 2578 1715 2654 βασιλέα
1754 2577 1941 2637 ἀπικέ-

342 2664 497 2725 σθαι·
537 2663 797 2723 πολλέων
823 2662 932 2744 γοὶρ
958 2662 1129 2731 αὐτᾶν
1154 2664 1422 2744 χιλιάδων
1448 2660 1711 2747 ὀργυιέων
1736 2665 1939 2735 πλεξά-

345 2778 513 2829 μενον
553 2751 727 2813 κοῖλον
769 2755 1011 2813 κατεῖναι
1048 2753 1241 2831 ταύτῃ,
1292 2754 1383 2813 καὶ
1424 2752 1524 2813 οὐκ
1566 2754 1848 2823 ἐξικέσθαι
1887 2758 1941 2817 ἐς

343 2838 623 2917 βυσσόν.”
703 2840 844 2901 οὕτω
889 2842 994 2917 μὲν
1047 2840 1114 2916 δὴ
1157 2840 1189 2900 ὅ
1227 2841 1675 2921 γραμματιστὴς,
1721 2842 1793 2921 (εἰ
1832 2840 1941 2918 ἄρα

339 2932 514 2988 ταῦτα
538 2927 809 3008 γενόμενα
845 2928 1044 3008 ἔλεγε,)
1070 2927 1363 3004 ἀπέφαινε,
1392 2928 1463 2991 ὦς
1496 2931 1593 3005 ἐμὲ
1629 2930 1942 2991 κατανοέειν

335 3013 484 3077 δίνας
521 3014 676 3078 τινσῖς
711 3014 886 3092 ταύτῃ
928 3014 1129 3076 ἐούσας
1170 3014 1405 3092 ἰσχυρᾶς
1446 3017 1539 3074 καὶ
1577 3017 1935 3095 παλιρροίην·

334 3099 426 3157 οἷα
477 3100 538 3157 δὲ
579 3101 971 3176 ἐμβάλλοντος
1019 3104 1121 3159 τοῦ
1173 3100 1371 3164 ὕδατος
1420 3107 1577 3163 τοῖσι
1622 3130 1815 3181 ουρεσι
1855 3110 1940 3182 μή

333 3182 606 3244 δύνασθαι
675 3189 998 3262 κατιεμένην
1050 3192 1549 3266 καταπειρητηρίην
1603 3196 1657 3254 ἐς
1707 3192 1941 3266 βυσσόν

245 3264 358 3321 29’
342 3266 494 3323 ιέναι.
562 3268 787 3331 ’Άλλου
813 3273 872 3330 δὲ
899 3270 1116 3333 οὖδενός
1154 3270 1309 3332 οὐδὲν
1342 3275 1613 3349 ἐδυνάμην
1638 3280 1901 3340 πυθέσθα

2208 3306 2215 3341 4
