2250 3500
349 149 414 196 52
969 145 1334 195 ἭΡοΔοτιόϊ
1876 142 1951 211 [1.

348 226 530 296 ζοντα,
549 227 749 285 τοῦτον
767 224 907 288 ὅκως
924 224 1371 304 μεταπέμψαιτο,
1393 223 1511 285 κατ’
1532 223 1694 302 ἀξίην
1715 223 1956 285 ἑκάστου

350 312 688 389 ἀδικήματος
718 313 968 372 ἐδικαίευ·
999 313 1098 372 καί
1119 315 1175 372 οἱ
1202 312 1559 373 κατάσκοποί
1579 337 1643 372 τε
1668 313 1761 371 καὶ
1789 311 1956 389 κατ-ή-

351 424 470 458 κοοι
496 399 646 474 ἦσαν
672 399 778 460 dmi
803 404 998 461 πᾶσαν
1020 399 1125 476 τὴν
1151 399 1339 480 χώρην
1362 405 1465 476 τῆς
1488 400 1647 479 ἦρχε.

261 489 369 546 101
434 485 678 563 Δηϊόκης
717 488 822 565 μέν
861 515 960 549 νυν
999 488 1066 548 τὸ
1109 487 1365 565 Μηδικὸν
1409 489 1563 551 ἔθνος
1609 488 1959 567 συνέστρεψε

350 578 573 651 μοῦνον,
615 575 708 634 καὶ
746 575 946 636 τούτου
990 573 1145 652 ἦρξε.
1228 576 1353 635 ἔστι
1394 575 1457 634 δὲ
1501 576 1713 651 Μήδων
1749 576 1959 636 τοσάδε

349 663 531 742 γένεα·
559 664 794 733 Βουσαὶ,
812 663 1226 741 Παρητακηνοὶ,
1246 662 1607 741 Στρούχατες,
1624 662 1957 739 Ἀριζαντοὶ,

351 750 591 821 Βούδιοι,
620 749 827 830 Μάγοι.
911 751 1078 830 γένεα
1102 752 1207 827 μὲν
1241 750 1310 826 δή
1338 751 1550 826 Μήδων
1582 751 1705 810 ἐστὶ
1729 751 1957 810 τοσάδε.

260 839 374 896 102
395 838 644 914 Δηῖόκεω
677 838 738 896 δὲ
761 841 896 902 παῖς
916 838 1133 918 γίνεται
1162 836 1467 915 Φραόρτης,
1494 837 1557 902 ὃς
1588 839 1959 913 τελευτήσανσ

350 950 448 988 τος
463 924 712 999 Δηῖόκεω
730 923 1187 1000 βασιλεύσαντος
1203 926 1333 1003 τρία
1348 927 1439 984 καὶ
1458 925 1800 1001 πεντήκοντα
1816 927 1957 997 ἔτεα,

351 1011 693 1088 παρεδέξατο
725 1011 828 1087 τήν
863 1011 1062 1092 ἀρχήν·
1103 1012 1549 1090 παραδεξάμενος
1578 1011 1655 1084 δὲ,
1694 1013 1794 1074 οὐκ
1824 1013 1960 1074 ἀπε-

351 1099 548 1178 χρέετο
586 1098 804 1176 μούνων
847 1100 1039 1179 ἄρχειν
1078 1104 1191 1161 τῶν
1230 1101 1458 1176 Μήδων·
1504 1099 1663 1160 ἀλλὰ
1693 1127 1959 1178 στρατευ-

353 1212 598 1263 σαμενος
623 1188 715 1247 ε’πὶ
739 1187 868 1252 τούς
895 1189 1144 1266 Πέρσας,
1170 1188 1450 1266 πρώτοισί
1468 1214 1533 1249 τε
1557 1188 1811 1249 τούτοισι
1835 1194 1959 1250 ε’πε·

355 1273 564 1351 θήκατο
591 1277 684 1336 καὶ
719 1277 968 1354 πρώτους
1001 1276 1213 1352 Μήδων
1235 1276 1514 1353 ὑπηκόους
1540 1277 1791 1352 ἐποίησε·
1816 1277 1961 1355 μετὰ

353 1361 429 1435 δὲ,
475 1363 614 1443 ἔχων
666 1363 764 1425 δύο
808 1369 986 1426 ταῦτα
1038 1365 1197 1426 ἔθνεα
1250 1365 1343 1424 καὶ
1394 1362 1689 1442 ἀμφότερα
1734 1365 1958 1445 ἰσχυρὰ,

354 1452 766 1530 κατεστρέφετο
803 1453 909 1528 τὴν
945 1453 1149 1530 Ἀσίην
1188 1451 1284 1512 ἀπ’
1325 1449 1509 1513 ἄλλου
1546 1451 1633 1510 ἐπ’
1674 1451 1823 1512 ἄλλο
1864 1453 1961 1514 ὶιόν

357 1539 528 1604 ἔθνος·
571 1545 628 1604 ἐς
653 1539 686 1600 ὃ
712 1540 1199 1618 στρατευσάμενος
1224 1539 1317 1600 ἐπὶ
1340 1539 1473 1602 τούς
1494 1539 1850 1616 Ἀσσυρίους,
1866 1542 1961 1601 καὶ

351 1625 670 1710 Ἀσσυρίων
701 1627 929 1692 τούτους
962 1629 1016 1688 οἳ
1046 1632 1225 1689 Νῖνον
1256 1627 1409 1707 εἶχον
1434 1627 1527 1688 καὶ
1557 1626 1737 1707 ἦρχον
1762 1628 1961 1706 πρότε-

353 1740 454 1793 ρον
479 1715 715 1786 πάντων,
741 1714 869 1777 τότε
895 1717 956 1776 δὲ
981 1715 1132 1793 ἦσαν
1160 1716 1574 1794 μεμουνωμένοι
1603 1718 1708 1793 μὲν
1738 1717 1959 1794 συμμά-

353 1828 472 1881 χων
495 1802 592 1862 ἅτε
611 1802 974 1864 ἀπεστεώτων
993 1802 1182 1867 ἄλλως
1200 1804 1392 1881 μέντοι
1412 1807 1621 1865 ἔωυτῶν
1640 1803 1699 1864 εὖ
1717 1804 1959 1881 ἥκοντες,

355 1891 448 1949 ἐπὶ
473 1889 703 1955 τούτους
727 1890 795 1967 δὴ
817 1891 1301 1969 στρατευσάμενος
1325 1891 1359 1951 ὅ
1384 1891 1687 1970 Φραόρτης,
1708 1891 1874 1957 αὐτός
1897 1919 1961 1953 τε

356 1977 629 2056 διεφθάρη
669 1978 840 2057 ἄρξας
878 1978 976 2039 δύο
1017 1980 1110 2039 καὶ
1152 1978 1332 2039 εἴκοσι
1366 1979 1489 2041 ἔτεα
1524 1980 1618 2039 καὶ
1650 1979 1685 2041 ὅ
1716 1980 1961 2058 στρατός

354 2064 525 2127 adv-0⁰8
551 2066 584 2126 ὁ
611 2067 850 2133 πολλός.

261 2156 374 2215 103
435 2155 728 2234 Φραόρτεω
759 2157 820 2217 δὲ
846 2156 1286 2235 τελευτήσαντος
1333 2156 1618 2230 ἐξεδέξατο
1662 2156 1962 2235 Κυαξάρης

352 2243 387 2303 ὁ
417 2244 711 2322 Φραόρτεω
742 2250 846 2306 τοῦ
875 2246 1124 2321 Δηῖόκεω
1149 2249 1299 2310 παῖς.
1383 2244 1546 2309 οὗτος
1569 2247 1795 2327 λέγεται
1816 2249 1961 2306 πολ·

351 2330 457 2390 λόν
499 2332 579 2390 ἔτι
624 2333 890 2412 γενέσθαι
931 2331 1309 2409 ἀλκιμώτερος
1356 2337 1467 2393 τῶν
1506 2333 1815 2413 προγόνων·
1867 2334 1963 2393 καὶ

353 2418 572 2494 πρῶτός
595 2442 659 2476 τε
686 2418 917 2496 ἐλόχισε
944 2420 1084 2478 κατὰ
1106 2419 1277 2479 τέλεα
1299 2419 1430 2483 τοῦς
1456 2424 1517 2479 ἐν
1538 2424 1613 2497 τῇ
1650 2419 1839 2500 Ἀσίῃ,
1867 2421 1963 2481 καὶ

352 2507 568 2579 πρῶτος
609 2503 822 2573 διέταξε
848 2505 1017 2584 χωρὶς
1044 2504 1314 2570 ἑκάστους
1340 2506 1494 2576 εἶναι,
1518 2504 1651 2569 τούς
1673 2531 1739 2566 τε
1764 2513 1961 2587 αἰχμο-

357 2590 567 2667 φόρους
599 2593 700 2657 xa).
736 2593 868 2657 τούς
906 2592 1251 2671 τοξοφόρους
1294 2595 1387 2654 καὶ
1424 2592 1555 2658 τούς
1590 2595 1807 2661 ἱππέας·
1848 2598 1961 2674 πρὸ

323 2748 328 2753 ,
353 2682 456 2739 τοῦ
483 2679 543 2737 δὲ
567 2676 776 2757 ἀναμὶξ
794 2679 867 2755 ἦν
892 2678 1077 2741 πάντα
1103 2681 1306 2759 ὁμοίως
1332 2680 1783 2760 ἀναπεφυρμένα.
1845 2682 1962 2763 (οὗ-

354 2791 451 2830 τος
491 2766 524 2827 ὅ
568 2770 724 2827 τοῖσι
764 2767 1010 2829 Λυδοῖσί
1047 2773 1174 2829 ἐστι
1212 2768 1605 2849 μαχεσάμενος
1646 2770 1741 2831 ὅτε
1779 2770 1884 2841 νῦξ
1920 2771 1963 2848 ἦ

355 2853 535 2932 ἤμέρη
579 2855 796 2936 ε’γένετό
832 2862 945 2933 σφι
985 2858 1380 2936 μαχομένοισι,
1418 2858 1511 2917 καὶ
1544 2858 1578 2918 ὅ
1618 2858 1726 2934 τήν
1748 2857 1962 2923 Ἀλυος

354 2947 612 3019 ποταμοῦ
638 2941 748 3004 ἄνω
770 2943 973 3019 Ἀσίην
990 2948 1187 3005 πᾶσαν
1210 2944 1509 3023 συστήσας
1534 2947 1756 3026 ἑωυτῷ.)
1821 2949 1961 3005 συλσ

360 3030 527 3098 λέξας
552 3030 612 3090 δὲ
643 3031 774 3095 τοῦς
798 3030 890 3091 ὕπ’
924 3034 1103 3111 ἑωυτῷ
1133 3031 1475 3112 ἀρχομένους
1506 3033 1734 3104 πάντας,
1764 3038 1961 3111 ἐστρα-

357 3115 546 3176 τεύετο
574 3119 666 3176 ἐπὶ
690 3119 793 3195 τήν
819 3120 1013 3189 Νῖνον,
1038 3122 1319 3196 τιμωρέων
1341 3146 1405 3181 τε
1428 3125 1505 3200 τῷ
1528 3122 1699 3197 πατρὶ
1735 3122 1828 3179 καὶ
1856 3120 1963 3195 τὴν

358 3200 530 3260 πόλιν
565 3204 772 3282 ταύτην
813 3206 992 3266 θέλων
1033 3206 1261 3276 ἐξελεῖν·
1302 3209 1402 3267 καί
1430 3212 1500 3279 οἳ,
1530 3208 1602 3272 ὥς
1640 3205 1964 3284 συμβαλών

362 3285 583 3363 ἐνίκησε
620 3292 753 3356 τούς
788 3291 1145 3370 Ἀσσυρίους,
1186 3297 1602 3375 περικατημένῳ
1639 3294 1745 3370 τήν
1783 3297 1964 3356 Νῖνον
