2250 3500
327 161 614 228 που-204]
1017 161 1243 212 mmm.
1844 164 1935 214 101

326 241 400 302 τοὶ
425 240 610 301 πάντα
640 240 798 315 πλὴν
823 239 943 305 ἐνός
975 245 1030 304 ἐς
1062 239 1197 300 ἕλεά
1225 265 1289 300 τε
1323 241 1415 301 καὶ
1444 240 1679 323 τενάγεα
1712 241 1933 303 ἐκδιδοῖ·

330 333 388 389 ἐν
405 331 560 388 τοῖσι
581 327 904 406 ἀνθρώπους
924 329 1305 388 κατοικεῖσθαι
1324 329 1559 410 λέγουσι
1580 331 1737 408 ἰχθῦς
1758 329 1938 407 ὦμούς

327 417 700 493 σιτεομένους,
729 418 928 492 ἐσθῆτι
954 417 1014 476 δὲ
1044 417 1371 494 νομίζοντας
1409 418 1660 495 χρᾶσθαι
1703 419 1931 493 φωκέων

328 504 586 581 δέρμασι·
627 503 695 564 τὰ
737 504 798 563 δὲ
824 504 883 564 ἓν
923 507 1034 565 τῶν
1057 503 1357 580 στομάτων
1396 509 1495 563 τοῦ
1536 503 1781 581 Ἀράξεω
1818 506 1931 584 ῥέει

328 591 421 652 διαὶ
446 594 692 668 καθαροῦ
720 597 776 656 ἐς
799 591 904 668 τήν
931 592 1205 668 Κασπίην
1230 590 1553 653 θάλασσαν.

407 679 484 739 Ἡ
511 679 570 740 δὲ
597 668 838 756 Κασπίη
867 678 1139 741 θάλασσά
1165 685 1289 740 ἐστι
1316 678 1399 740 ἐπ’
1428 682 1645 755 ἑωυτῆς,
1662 678 1729 738 οὐ
1754 705 1894 758 συμ-
1904 683 2021 742 203

327 767 618 849 μίσγουσα
641 770 715 846 τῇ
741 769 898 847 ἑτέρῃ
925 766 1216 846 θαλάσσῃ·
1273 768 1379 844 τήν
1402 770 1507 844 μὲν
1529 767 1641 850 γὰρ
1657 767 1934 846 Ἕλληνες

327 856 722 916 ναυτίλλονται
745 860 956 927 πᾶσαν,
983 855 1078 914 καὶ
1103 854 1141 931 ἡ
1170 856 1273 926 ἔξω
1300 855 1557 932 στηλέων
1592 854 1865 916 θάλασσα
1888 855 1929 934 ἤ

326 939 622 1007 Ἀτλαντὶς
664 943 992 1021 καλεομένη,
1035 943 1129 1002 καὶ
1168 942 1208 1019 ἦ
1247 941 1509 1020 Ἐρυθρῆ,
1534 944 1639 1020 μία
1644 943 1929 1051 τυγχάνει

329 1033 422 1090 ἐου
424 1056 522 1090 σα·
561 1057 600 1107 η
635 1030 696 1090 δὲ
739 1031 976 1106 Κασπίη
1020 1031 1143 1090 ἔστι
1186 1030 1343 1107 ἐτέρη
1379 1030 1463 1090 ἐπ’
1499 1034 1716 1108 ἑωυτῆς,
1758 1035 1931 1092 ἐοῦσα
2014 1093 2021 1099 ,

325 1122 504 1196 μῆκος
553 1121 659 1197 μὲν
709 1117 894 1179 πλόου
946 1119 1156 1227 εἰρεσίῃ
1205 1119 1497 1232 χρεωμένω
1540 1119 1929 1180 πεντεκαίδεκα

324 1204 589 1284 ἡμερέων,
636 1231 794 1284 ευρος
836 1207 897 1266 δὲ
940 1211 1013 1284 τῇ
1061 1205 1329 1284 εὐρυτατη
1376 1208 1499 1266 ἐστὶ
1543 1205 1683 1282 αὐτη
1732 1210 1931 1284 ἑωυτῆς

327 1319 472 1352 οκτω
495 1293 761 1370 ἡμερέων.
802 1294 894 1354 καὶ
913 1320 984 1355 τα
1010 1320 1114 1372 μεν
1136 1319 1275 1372 προς
1298 1294 1402 1370 τήν
1422 1295 1665 1372 εσπέρην
1684 1296 1931 1373 φέροντα

325 1383 430 1454 τῆς
472 1380 772 1460 θαλάσσης
811 1382 1014 1459 ταύτης
1054 1381 1086 1442 ὁ
1130 1381 1435 1444 Καύκασος
1468 1382 1800 1459 παρατείνει,
1826 1382 1931 1444 ἐῶν

329 1465 536 1543 οὐρέων
554 1469 644 1527 καὶ
661 1469 868 1546 πλήθεϊ
892 1471 1167 1551 μέγιστον
1188 1470 1279 1528 καὶ
1304 1467 1537 1550 μεγάθεΐ
1554 1467 1927 1547 ὐψηλότατον.

328 1555 488 1614 ἔθνεα
513 1555 574 1614 δὲ
599 1554 897 1634 ἀνθρώπων
921 1557 1118 1617 πολλαῖ
1147 1558 1239 1617 καὶ
1264 1559 1504 1617 παντοῖα
1530 1561 1589 1616 ἐν
1615 1558 1792 1635 ἑωυτῷ
1816 1557 1931 1636 ἔχει

327 1641 362 1703 ὅ
389 1642 708 1715 Καύκασος,
725 1645 797 1704 ταῖ
825 1645 1020 1706 πολλὰ
1045 1644 1231 1707 πάντα
1257 1644 1353 1704 ἀπ’
1377 1644 1515 1721 ὕλης
1547 1643 1743 1726 α’γρίης
1768 1643 1928 1716 ζώον·

324 1758 416 1792 τα·
458 1738 517 1795 ἐν
541 1737 695 1796 τοῖσι
722 1735 816 1793 καὶ
842 1733 1065 1812 δένδρεα
1092 1734 1293 1811 φύλλα
1330 1733 1560 1811 τοιῆσδε
1594 1733 1739 1810 ἰδέης
1763 1760 1930 1813 παρε-

323 1820 538 1901 χόμενα
563 1822 703 1883 εἶναι
727 1822 968 1903 λέγεται,
995 1823 1069 1883 τὰ
1090 1822 1391 1900 τρίβοντάς
1425 1849 1488 1883 τε
1530 1824 1621 1882 καὶ
1646 1825 1929 1901 παραμίσ-

322 1934 526 1990 γοντας
551 1909 710 1988 ὕδωρ,
740 1911 850 1988 ζῷα
877 1912 1131 1971 ἑωυτοῖσι
1157 1916 1211 1975 ἐς
1234 1911 1339 1988 τὴν
1365 1913 1578 1987 ἐσθῆτα
1606 1912 1927 1992 ἐγγράφειν·

324 1995 397 2057 vo)
423 1998 482 2057 δὲ
507 1998 617 2078 ζῷα
643 1997 742 2058 οὐκ
769 1998 1161 2068 ἐκπλύνεσθαι,
1191 1998 1345 2058 ἀλλὰ
1372 1998 1929 2079 συγκαταγηράσκειν

323 2087 403 2163 τῷ
443 2084 602 2167 ἄλλῳ
634 2087 780 2165 εἰρίῳ
793 2163 806 2169 -
822 2085 1068 2162 κατάπερ
1110 2085 1484 2161 ἐνυφανθέντα
1514 2083 1713 2162 ἀρχήν.
1778 2085 1931 2159 μίξιν

324 2170 387 2231 δὲ
435 2173 642 2235 τούτων
685 2179 796 2234 τῶν
841 2173 1145 2252 ἀνθρώπων
1191 2173 1328 2234 εἶναι
1374 2172 1643 2248 ἐμφανέα,
1684 2169 1929 2250 κατάπερ

328 2263 483 2321 τοῖσι
508 2262 877 2339 προβάτοισι.

405 2349 490 2409 To?
515 2352 618 2427 μὲν
645 2350 713 2428 δή
738 2351 881 2429 πρὸς
924 2350 1167 2429 ἕσπέρην
1195 2352 1297 2425 τῆς
1330 2347 1629 2424 θαλάσσης
1667 2345 1882 2424 ταύτης,
1904 2350 2023 2409 204

322 2440 424 2513 τῆς
463 2441 732 2516 Κασπίης
766 2440 1122 2516 καλεομένης,
1155 2438 1188 2499 ὁ
1226 2437 1529 2501 Καύκασος
1568 2436 1817 2519 ἀπέργει,
1856 2437 1928 2497 τὰ

325 2523 384 2583 δὲ
409 2525 549 2604 πρός
572 2527 657 2604 ήῶ
695 2554 757 2587 τε
784 2528 876 2586 καὶ
899 2527 1065 2604 ἥλιον
1089 2527 1473 2587 ἀνατέλλοντα
1499 2526 1689 2586 πεδίον
1721 2526 1925 2586 ἐκδέκε-

321 2637 415 2672 ται
439 2616 660 2691 πλῆθος
679 2613 908 2692 ἄπειρον
935 2620 989 2678 ἐς
1008 2613 1241 2694 ἄποψιν·
1281 2618 1383 2675 τοῦ
1412 2614 1485 2674 ὦν
1512 2613 1580 2690 δή
1609 2614 1800 2673 πεδίου
1826 2617 1928 2672 τοῦ

320 2702 575 2783 μεγάλου
620 2703 720 2764 οὐκ
766 2704 1075 2783 ἐλαχίστην
1105 2704 1310 2781 μοίρην
1334 2703 1637 2781 μετέχουσι
1664 2702 1718 2759 οἶ
1758 2706 1928 2759 Μασ-

323 2792 578 2870 σαγέται,
609 2791 694 2851 ἐπ’
720 2792 815 2855 οὓς
846 2792 878 2852 ὁ
919 2795 1108 2868 Κῦρος
1153 2792 1290 2869 ἔσχε
1319 2789 1635 2867 προθυμίην
1662 2812 1927 2862 στρατευ-

321 2879 560 2938 σασθαι·
601 2878 796 2939 πολλά
815 2906 878 2939 τε
900 2876 1010 2960 γάρ
1031 2904 1129 2955 μιν
1150 2879 1241 2937 καὶ
1266 2875 1493 2956 μεγάλα
1510 2874 1581 2933 τὰ
1602 2874 1926 2949 ἐπαείροντα
1968 2946 1974 2951 ¹

321 2964 414 3022 καὶ
435 2964 807 3042 ἐποτρύνοντα
825 2965 912 3041 ἦν·
955 2970 1179 3043 πρῶτον
1196 2966 1301 3042 μὲν
1324 2963 1361 3039 ἦ
1382 2966 1613 3044 γένεσις,
1633 2960 1699 3020 τὰ
1720 2960 1929 3021 δοκέειν

319 3052 498 3113 πλέον
537 3078 596 3112 τι
643 3054 782 3114 εἶναι
827 3052 1136 3130 α’νθρωπου,
1166 3050 1392 3128 δεύτερα
1435 3050 1495 3108 δὲ
1533 3074 1571 3125 η
1619 3046 1843 3124 εὐτυχίη
1884 3045 1924 3122 ἦ

321 3140 463 3199 κατ-οὶ
513 3140 644 3203 τούς
695 3142 980 3217 πολέμους
1030 3138 1319 3247 γενομένη·
1388 3135 1493 3211 ὅκη
1545 3134 1656 3216 γοῖρ
1711 3132 1922 3193 ιθύσειε

317 3222 732 3305 στρατεύεσθαι
775 3232 981 3305 Κυρος,
1023 3224 1315 3304 αμήχανον
1349 3221 1420 3297 ἦν
1453 3224 1627 3280 ἐκεῖνο
1661 3218 1728 3280 τό
1770 3219 1925 3282 ἔθνος

321 3312 663 3395 διαφυγέειν.
