2250 3500
326 104 549 170 95—98]
915 107 1364 158 ΜΕΛΠΟΜΕΝΗ.
1836 110 1929 157 319

408 185 647 259 Δαρεῖος
698 183 759 243 δὲ
813 183 885 246 ὥς
934 183 1168 243 οἷπίκετο
1221 183 1314 242 καὶ
1355 184 1388 244 ὁ
1431 185 1598 254 πεζὸς
1639 183 1735 260 ἅμ’
1781 184 1926 262 αὐτῷ
1943 188 2017 248 97

325 269 569 347 στρατὸς
596 271 687 329 ἐπὶ
712 269 813 330 τᾶν
828 268 1075 347 Ἴστρον,
1105 271 1342 331 ἐνθαῦτα
1368 270 1684 346 διαβάντων
1708 270 1930 331 πάντων

328 361 566 434 Δαρεῖος
592 358 856 417 ἐκέλευσε
880 357 1010 421 τούς
1025 357 1221 420 Ἴωνας
1259 358 1363 433 τήν
1390 357 1622 435 σχεδίην
1647 358 1930 422 λύσαντας

325 445 562 504 ἔπεσθαι
603 444 721 504 κατ’
760 444 991 522 ἤπειρον
1033 448 1214 525 ἑωυτῷ
1252 445 1344 503 καὶ
1396 444 1496 504 τόν
1545 449 1604 502 ἐκ
1645 448 1756 505 τῶν
1795 450 1930 506 νεῶν

324 531 591 610 στρατόν·
630 532 956 608 μελλόντων
983 533 1042 592 δὲ
1061 536 1173 593 τῶν
1199 532 1396 592 Ἰώνων
1421 531 1576 592 λύειν
1604 533 1695 590 καὶ
1723 535 1928 594 ποιέειν

322 620 395 680 τσῖ
439 620 793 696 κελευόμενα,
827 620 995 697 Κώης
1031 619 1065 680 ὅ
1095 619 1451 697 Ἐρξάνδρου,
1481 620 1798 700 στρατηγὸς
1823 619 1927 681 ε’ὦν

322 709 735 784 Μυτιληναίων,
780 709 935 779 ἔλεξε
978 708 1196 788 Δαρείῳ
1241 706 1390 778 τάδε,
1434 707 1746 783 πυθόμενος
1766 709 1771 714 ’
1790 707 1923 785 πρό-

321 820 484 870 τερον
512 795 563 853 εἴ
588 798 642 854 οἱ
668 797 842 870 φίλον
877 796 960 871 εἵη
985 795 1212 874 γνώμην
1237 794 1612 854 ἀποδέκεσθαι
1637 794 1792 870 παρὰ
1823 799 1926 854 τοῦ

322 883 679 958 βουλομένου
719 881 1170 943 ἀποδείκνυσθαι·
1241 881 1336 942 “ὦ
1375 883 1644 958 βασιλεῦ,
1688 883 1779 941 ἐπὶ
1818 887 1927 962 γῆν

321 968 432 1048 γὰρ
499 971 729 1045 μέλλεις
782 970 1187 1047 στρατεύεσθαι
1249 973 1351 1044 τῆς
1403 967 1531 1030 οὔτε
1583 969 1924 1046 ἀρηρομένον

324 1055 640 1132 φανήσεται
679 1057 835 1116 οὐδὲν
876 1056 1000 1118 οὔτε
1039 1057 1207 1120 πόλις
1245 1059 1548 1134 οἰκεομένη,
1587 1057 1660 1117 σύ
1699 1061 1797 1118 νῦν
1831 1058 1922 1138 γέ·

322 1149 510 1221 φυραν
559 1144 768 1220 ταύτην
808 1145 871 1204 ἔα
912 1143 1053 1203 κατοὶ
1104 1143 1292 1224 χώρην
1341 1143 1584 1214 ἑστάναι,
1635 1143 1923 1220 φυλάκους

322 1230 493 1306 αὐτῆς
523 1233 704 1290 λιπῶν
734 1230 963 1296 τούτους
996 1232 1055 1290 οἵ
1080 1256 1186 1307 περ
1217 1257 1315 1307 μιν
1349 1231 1584 1302 ἔζευξαν·
1632 1233 1724 1291 καὶ
1756 1232 1825 1308 ἦν
1857 1259 1920 1292 τε

323 1319 467 1379 κατοὶ
505 1319 636 1379 νόον
676 1319 971 1398 πρήξωμεν
1014 1318 1262 1396 εὖρόντες
1303 1318 1519 1382 Σκύθας
1551 1319 1672 1378 ἔστι
1714 1318 1921 1384 ἄποδος

322 1405 473 1482 ἡμῖν,
514 1405 585 1482 ἤν
622 1431 685 1466 τε
720 1408 813 1466 καὶ
850 1407 932 1484 μή
969 1413 1152 1482 σφεας
1200 1404 1379 1481 εὖρεῖν
1423 1405 1734 1481 δυνεῶμεθα
1776 1406 1814 1481 ἤ
1855 1432 1922 1487 γε

322 1493 592 1559 ἅποδος“
553 1499 689 1570 ημῖν
722 1493 1010 1570 οἷσφαλης·
1052 1520 1116 1554 ου
1154 1492 1265 1574 γὰρ
1291 1490 1477 1552 ἔδεισά
1513 1518 1588 1551 κω
1627 1519 1708 1570 μη
1745 1497 1922 1553 ἑσσω-

323 1582 534 1657 θέωμεν
579 1581 688 1641 ύπὸ
735 1583 989 1646 Σκυθέων
1030 1581 1206 1660 μάχῃ,
1255 1578 1408 1639 ἄλλα
1455 1583 1684 1655 μᾶλλον
1727 1607 1808 1657 μη
1855 1580 1920 1640 οὗ

320 1667 619 1745 δυνάμενοί
640 1674 824 1744 σφεας
856 1668 1033 1746 ευρεῖν
1058 1667 1322 1746 πάθωμέν
1356 1692 1415 1727 τι
1448 1666 1743 1744 ἀλώμενοι.
1826 1670 1919 1727 καὶ

320 1756 453 1817 τάδε
478 1758 665 1837 λέγειν
693 1758 835 1833 φαίη
860 1783 944 1820 τις
981 1784 1049 1817 αν
1073 1782 1148 1833 με
1174 1760 1374 1817 ἑωυτοῦ
1413 1758 1630 1828 εἵνεκεν,
1661 1758 1731 1821 ὥς
1757 1782 1920 1818 κατα-

318 1845 485 1920 μένω·
528 1844 635 1925 ἐγω
664 1845 723 1903 δὲ
748 1844 973 1926 γνώμην
998 1848 1101 1921 μὲν
1125 1844 1230 1921 τήν
1257 1844 1512 1920 εὕρισκον
1538 1844 1775 1921 ἀρίστην
1802 1870 1915 1915 σοι,

262 1941 268 1945 ’
317 1932 589 2007 βασιλεῦ,
616 1936 671 1995 ἐς
709 1934 888 2007 μέσον
922 1934 1093 2009 φέρω·
1146 1932 1310 1994 αὖτὸς
1339 1932 1528 2007 μέντοι
1566 1933 1778 2009 ἕψομαί
1811 1958 1916 2003 τοι,

320 2019 414 2077 καὶ
456 2018 555 2078 οὐκ
596 2016 664 2079 ἂν
703 2018 1047 2095 λειφθείην.”
1131 2018 1306 2093 κάρτα
1339 2043 1402 2076 τε
1437 2016 1590 2092 ἥσθη
1626 2024 1696 2095 τῇ
1727 2019 1918 2098 γνώμῃ

320 2110 577 2183 Δαρεῖος,
616 2108 715 2167 καί
743 2132 841 2182 μιν
871 2106 1153 2184 ἠμείψατο
1193 2104 1403 2179 τοῖσδε·
1449 2104 1643 2173 (ἒξεῖνε
1677 2107 1915 2179 Λέσβιε,

318 2195 596 2258 σωθέντος
628 2199 761 2273 ε’μεΐ
801 2194 983 2255 όπίσω
1025 2200 1081 2257 ἐς
1120 2193 1272 2254 οἶκον
1311 2191 1410 2253 τόν
1443 2190 1578 2268 ε’μόν
1617 2193 1926 2269 ἐπιφάνηθί

318 2307 419 2358 μοι
454 2281 687 2352 πάντως,
725 2282 814 2343 ἵνα
845 2308 918 2342 σε
948 2282 1071 2342 οἶντὶ
1108 2284 1364 2361 χρηστῆς
1397 2281 1754 2357 συμβουλίης
1784 2307 1920 2360 χρη-

318 2372 516 2429 στοῖσι
544 2370 758 2451 ἔργοισι
790 2370 1162 2448 οἷμείψωμαι.”
1242 2372 1430 2429 Ταῦτα
1468 2370 1624 2433 εἶπας
1657 2369 1748 2428 καὶ
1776 2369 1914 2429 οἶπά-
1935 2373 2013 2431 98

319 2465 433 2535 ψας
458 2455 690 2533 ἅμματα
718 2458 983 2534 ἑξήκοντα
1016 2463 1074 2518 ἐν
1103 2456 1304 2535 ἱμάντι,
1350 2458 1648 2522 καλέσας’
1623 2484 1678 2521 ες
1708 2458 1912 2540 λόγους

315 2543 449 2607 τούς
487 2543 684 2605 Ἰώνων
717 2544 1012 2623 τυράννους
1053 2548 1212 2625 ἔλεγε
1250 2545 1399 2606 τάδε·
1443 2556 1478 2581 “
1497 2545 1688 2621 ἄνδρες
1717 2546 1917 2615 Ἴωνες,

314 2631 354 2706 ἦ
381 2633 486 2707 μὲν
512 2632 784 2710 πρότερον
813 2633 1007 2715 γνώμη
1034 2634 1414 2712 ἀποδεχθεῖσα
1453 2637 1507 2696 ἐς
1531 2659 1636 2707 την
1665 2634 1918 2711 γέφυραν

314 2718 595 2794 μετείσθω
625 2746 743 2797 μοι·
787 2723 1005 2799 ἔχοντες
1041 2722 1100 2780 δὲ
1137 2719 1235 2781 τὸν
1272 2720 1474 2795 ἱμάντα
1507 2719 1665 2778 τόνδε
1702 2719 1917 2778 ποιέετε

312 2806 469 2866 τάδε·
550 2807 720 2867 ἐπεάν
770 2834 844 2886 με
894 2809 1047 2885 ἴδητε
1098 2808 1346 2885 τάχιστα
1403 2804 1774 2882 πορευόμενον
1827 2807 1918 2865 ἐπὶ

318 2894 555 2965 Σκύθας,
604 2893 717 2956 οἷπό
766 2896 965 2956 τούτου
1012 2895 1313 2972 ἀρξάμενοι
1359 2896 1460 2951 τοῦ
1505 2892 1708 2971 χρόνου
1755 2894 1918 2951 λύετε

315 3008 481 3058 αμμα
508 2984 567 3042 ἓν
594 2983 831 3059 ἑκάστης
864 2983 1093 3060 ἡμέρης·
1136 2981 1205 3057 ἢν
1239 2981 1352 3039 δὲ’
1327 3007 1384 3040 εν
1416 2980 1592 3058 τούτῳ
1623 2984 1700 3057 τῷ
1734 2981 1916 3060 χρόνω

313 3094 395 3145 μη
454 3070 657 3147 παρέω,
712 3070 868 3129 οἷλλοὶ
910 3070 1236 3140 διεξέλθωσι
1277 3068 1406 3149 ὑμῖν
1451 3070 1508 3126 αἱ
1561 3067 1765 3143 ημέραι
1804 3072 1915 3127 τῶν

312 3156 605 3233 ἁμμάτων,
632 3157 1007 3218 ἅποπλέετε’
981 3184 1036 3221 ες
1064 3156 1168 3233 τήν
1203 3155 1471 3233 ύμετέρην
1510 3154 1707 3214 αὐτῶν·
1748 3154 1918 3264 μέχρι

314 3242 376 3304 δὲ
414 3244 633 3317 τούτου,
676 3245 800 3305 ἐπεί
834 3269 897 3305 τε
936 3244 1079 3305 οὕτω
1116 3244 1392 3322 μετέδοξε,
1437 3241 1772 3318 φυλάσσετε
1811 3243 1918 3319 τήν
