2250 3500
374 113 473 164 300
990 113 1359 164 ἨΡΟΔΟΤΟΤ
1845 111 1972 174 [IV.

372 179 477 270 μὲν
498 191 769 272 χειμῶνός
794 197 918 256 ἔστι
943 193 1200 270 ὅσοσπέρ
1229 198 1368 263 ἐστι,
1385 191 1564 274 ὄλίγῳ
1587 217 1652 254 τε
1675 190 1856 302 μέζων
1878 195 1980 268 τῆς

374 283 574 341 ἑωυτοῦ
612 279 819 357 φύσιος
856 282 1087 362 γίνεται·
1138 280 1294 341 ὕεται
1332 279 1444 361 γοὶρ
1484 304 1521 357 η
1561 283 1640 360 γῆ
1687 279 1827 356 αὕτη
1877 283 1981 340 τοῦ

375 372 644 448 χειμῶνος
680 368 917 448 πάμπαν
954 368 1146 450 ὀλίγῳ,
1179 371 1386 446 νιφετῷ
1421 369 1482 427 δὲ
1518 367 1704 428 πάντα
1738 368 1980 447 χρέεται·

376 459 478 516 τοῦ
520 455 583 515 δὲ
622 456 811 534 θέρεος
849 456 887 533 ἦ
930 455 1068 536 χιῶν
1109 455 1149 532 ἦ
1191 461 1250 516 ἐν
1293 459 1373 534 τῷ
1423 460 1657 534 χειμῶνι
1701 445 1978 530 πεσοῦσα,

378 545 553 603 εὀὓσα
577 543 937 622 ἀμφιλαφής,
963 544 1242 622 τηκομένη
1268 542 1543 604 πάντοθεν
1569 543 1784 602 ἐσδιδοῖ
1805 549 1866 606 ε’ς·
1882 543 1986 604 τᾶν

367 628 619 709 Ἴστρον·
659 631 799 708 αὕτη
821 657 885 693 τε
910 631 979 708 δή
1003 631 1042 708 ἦ
1067 631 1208 711 χιών
1235 630 1540 691 ἐσδιδοῦσα
1566 636 1623 696 ἔς
1646 629 1817 691 αὐτόν
1842 656 1984 708 συμ-

378 719 637 796 πληθύει,
658 720 751 779 καὶ
776 718 986 797 ὄμβροι
1009 719 1226 779 πολλοί
1246 744 1309 779 τε
1335 719 1429 777 καὶ
1452 717 1668 795 λάβροι
1695 718 1804 779 σῦν
1821 717 1985 798 αὐτῇ·

378 805 463 867 ὕει
484 808 595 888 γὰρ
622 807 691 884 δή
717 806 785 868 τό
810 807 987 885 θέρος·
1028 806 1146 886 ὅσῳ
1173 806 1234 866 δὲ
1256 806 1434 866 πλέον
1461 805 1544 866 ἐπ’
1563 804 1764 868 ἑωυτὸν
1787 805 1930 883 ὕδωρ
1952 804 1986 866 ὅ

378 894 541 970 ἥλιος
562 897 855 956 ἐπέλκεται
881 900 938 956 ἐν
952 897 1029 973 τῷ
1056 895 1203 972 θέρεϊ
1228 893 1264 970 ἦ
1292 899 1352 955 ἐν
1366 897 1444 973 τῷ
1459 898 1707 974 χειμῶνι,
1733 893 1988 974 τοσούτῳ

381 981 455 1041 τοὶ
483 982 919 1064 συμμισγόμενα
942 987 1021 1060 τῷ
1048 981 1256 1060 Ἴστρῳ
1281 981 1699 1042 πολλαπλάσιά
1729 986 1856 1043 ε’στι
1884 986 1989 1042 τοῦ

385 1069 572 1147 θέρεος
584 1068 729 1146 ἤπερ
747 1073 847 1130 τοῦ
859 1073 1151 1149 χειμῶνος·
1179 1069 1560 1145 ἀντιτιθέμενα
1575 1069 1826 1129 δὲταῦτα
1841 1068 1987 1129 α’ντι-

386 1156 637 1234 σήκωσις
656 1156 883 1238 γίνεται,
902 1156 1047 1218 ὥστε
1072 1157 1204 1217 ἴσον
1225 1182 1324 1234 μιν
1349 1158 1456 1217 αἰεὶ
1483 1156 1788 1232 φαίνεσθαι
1807 1155 1989 1218 ἐόντα.

290 1247 364 1306 51
470 1244 573 1308 Εἷς
604 1247 710 1323 μὲν
742 1245 811 1322 δή
847 1248 957 1306 τῶν
986 1249 1256 1322 ποταμῶν
1294 1247 1449 1306 τοῖσι
1490 1243 1750 1324 Σκύθῃσί
1785 1249 1910 1305 ε’στι
1954 1243 1990 1304 ὅ

374 1332 624 1412 Ἴστρος·
663 1334 807 1412 μετὰ
843 1333 903 1393 δὲ
933 1337 1149 1403 τοῦτον,
1185 1332 1384 1408 Τύρης·
1427 1331 1488 1395 ὃς
1520 1330 1632 1390 άπὸ
1668 1332 1858 1411 βορέω
1885 1334 1992 1408 μὲν

386 1421 597 1500 άνέμου
620 1421 878 1500 ὄρμᾶται,
897 1419 1132 1501 ἄρχεται
1157 1420 1218 1480 δὲ
1241 1420 1380 1496 ῥέων
1406 1424 1468 1478 ἐκ
1493 1420 1695 1496 λίμνης
1717 1418 1989 1500 μεγάλης,

386 1509 426 1587 ἢ
446 1509 649 1587 οὐρίζει
673 1510 776 1586 τήν
798 1533 863 1570 τε
900 1508 1179 1584 Σκυθικήν
1206 1508 1299 1567 καὶ
1323 1507 1428 1583 τήν
1454 1507 1700 1583 Νευρίδα
1723 1512 1854 1588 γῆν·
1895 1509 1993 1568 ἐπὶ

388 1597 449 1656 δὲ
478 1601 555 1676 τῷ
584 1598 827 1674 στόματι
863 1596 1034 1657 αὐτοῦ
1061 1597 1414 1670 κατοίκηνται
1428 1594 1722 1671 Ἕλληνες,
1750 1595 1805 1654 οἳ
1827 1599 1992 1672 Τυρῖ-

291 1687 371 1746 52
387 1709 481 1744 ται
512 1686 825 1744 καλέονται.
906 1684 1103 1761 Τρίτος
1129 1678 1189 1743 δὲ
1212 1683 1450 1746 ’Υπανις
1471 1682 1724 1760 ποταμός
1750 1681 1992 1760 ὁρμᾶται

384 1774 492 1849 μὲν
518 1777 579 1830 ἐκ
602 1775 704 1847 τῆς
730 1772 1019 1845 Σκυθικῆς,
1046 1771 1160 1849 ῥέει
1187 1770 1248 1831 δὲ
1273 1775 1334 1830 ἐκ
1361 1770 1564 1847 λίμνης
1587 1761 1866 1853 μεγάλης,
1882 1771 1993 1848 τήν

386 1858 553 1936 πέριξ
584 1860 843 1935 νέμονται
884 1858 1046 1918 ἵπποι
1085 1857 1271 1939 ἄγριοι
1311 1860 1518 1918 λευκοί·
1576 1859 1834 1919 καλέεται
1868 1857 1916 1917 δ’
1951 1860 1992 1935 ἦ

385 1948 559 2024 λίμνη
600 1946 741 2023 αὕτη
786 1946 963 2024 ὀρθῶς
1005 1945 1193 2023 μήτηρ
1236 1946 1516 2010 Ὑπάνιος·
1572 1951 1634 2005 ἐκ
1675 1936 1879 2023 ταύτης
1915 1946 1992 2008 ὧν

388 2035 709 2097 α’νατέλλων
752 2035 785 2095 ὁ
816 2034 1051 2099 ’Υπανις
1096 2033 1364 2111 ποταμός,
1401 2035 1516 2111 ῥέει
1556 2035 1650 2093 ἐπὶ
1687 2036 1792 2110 μὲν
1824 2034 1992 2095 πέντε

386 2124 633 2203 ἤμερέων
652 2122 835 2185 πλόον
857 2122 1079 2202 βραχύς
1104 2122 1197 2181 καὶ
1221 2120 1430 2201 γλυκῦς
1450 2122 1545 2191 ἔτι,
1563 2120 1676 2181 dm?
1693 2121 1753 2180 δὲ
1769 2120 1986 2195 τούτου,

388 2238 530 2289 προς
556 2212 857 2288 θαλάσσης
880 2212 1164 2288 τεσσέρων
1188 2208 1436 2286 ημερέων
1461 2208 1659 2280 πλόον,
1685 2209 1883 2285 πικρὸς
1909 2214 1990 2271 αῖ·

389 2304 511 2363 νῶς·
552 2299 760 2359 ἐκδιδοῖ
784 2297 895 2378 γοῖρ
935 2302 993 2361 ἐς
1027 2322 1199 2357 αυτον
1240 2296 1414 2374 κρήνη
1444 2296 1634 2373 πικρὴ,
1665 2296 1804 2358 οὕτω
1841 2297 1913 2373 δή
1935 2323 1991 2358 τι

388 2389 563 2445 ἐοῦσα
602 2410 791 2462 πικρη,
822 2384 872 2459 ἢ
915 2376 1168 2465 μεγάθεϊ
1190 2384 1409 2467 σμικρή
1456 2388 1648 2454 ἐοῦσα,
1693 2388 1854 2465 κιρνᾷ,
1890 2411 1992 2446 τον

376 2472 670 2532 ’Υπανιν’
645 2472 807 2533 εόντα
836 2472 1107 2548 ποταμόν
1118 2477 1177 2533 ἔν
1185 2468 1454 2579 ὀλίγοισι
1477 2473 1675 2575 μέγαν·
1717 2475 1841 2532 ἔστι
1865 2472 1990 2532 δὲε
1951 2498 1990 2547 η

392 2558 567 2637 κρήνη
596 2558 761 2637 αὕτη
768 2563 829 2619 ἐν
860 2558 1078 2636 οὔροισι
1118 2558 1302 2637 χώρης
1325 2561 1431 2645 τῆς
1448 2572 1521 2617 τε
1539 2557 1825 2635 ἀροτήρων
1851 2560 1991 2621 Σκυ-

386 2648 527 2709 θέων
556 2648 650 2707 καὶ
677 2634 1023 2719 Ἀλαζώνων·
1066 2640 1278 2722 οὕνομα
1305 2638 1384 2704 ’δὲ
1403 2650 1504 2724 τῇ
1495 2635 1697 2724 Ῠιῖρήνῃ,
1732 2647 1826 2705 καὶ
1859 2645 1994 2707 ὅθεν

386 2737 499 2815 ῥέει
522 2759 601 2815 τῳ
623 2734 802 2815 χώρῳ,
830 2728 1113 2799 Σκυθιστὶ
1123 2735 1229 2809 μὲν
1251 2726 1614 2839 Ἑξαξῐιπαῗῦςῤ
1635 2758 1776 2792 κατα
1802 2732 1864 2793 δὲ
1887 2758 1994 2809 την

384 2823 675 2899 Ἐλλήνων
692 2826 970 2904 γλῶσσαν
994 2820 1138 2898 Ἱραὶ
1163 2812 1304 2881 ὁδοί·
1325 2819 1658 2915 συνάγουσι
1685 2819 1745 2879 δὲ
1767 2844 1841 2881 τα
1865 2820 1991 2897 τέρ-

385 2937 537 2987 ματα
570 2910 603 2970 ὅ
633 2936 696 2971 τε
731 2910 911 2989 Τύρης
943 2908 1035 2968 καὶ
1071 2935 1104 2968 ο
1131 2906 1370 2971 ’Ὕπανις
1387 2906 1538 2967 κατα
1561 2901 1895 2979 Ἀλάζωνας,
1921 2907 1992 2967 vd

387 2998 509 3057 δὲ’
473 3025 587 3059 απο
610 2998 825 3069 τούτου,
854 2997 1218 3075 ἀποστρέψας
1245 2990 1552 3139 ἑκοῖκιτρος-ε
1524 2996 1645 3073 ρέει
1663 2994 1898 3073 εὐρύνων
1921 2994 1992 3054 τό

383 3086 582 3161 μέσον.

292 3168 371 3224 53
450 3168 723 3247 Τέταρτος
754 3172 815 3230 δὲ
848 3171 1206 3247 Βορυσθένης
1241 3138 1513 3247 ποταμός·
1542 3170 1618 3234 ὅς
1644 3174 1768 3231 ἔστι
1793 3171 1992 3252 μέγισ-

386 3254 482 3317 Τᾶς
520 3279 584 3314 τε
622 3256 765 3331 μετὰ
809 3250 1039 3333 Ἵστρον
1079 3282 1308 3328 τουτων,
1359 3259 1451 3317 καὶ
1497 3259 1996 3334 πολυαρκέστατος
