<?xml version="1.0" encoding="UTF-8"?>
<!DOCTYPE html PUBLIC "-//W3C//DTD XHTML 1.0 Transitional//EN"
    "http://www.w3.org/TR/xhtml1/DTD/xhtml1-transitional.dtd">
<html xmlns="http://www.w3.org/1999/xhtml" xml:lang="en" lang="en">
 <head>
  <title>
</title>
<meta http-equiv="Content-Type" content="text/html;charset=utf-8" />
  <meta name='ocr-system' content='tesseract 3.04.00' />
  <meta name='ocr-capabilities' content='ocr_page ocr_carea ocr_par ocr_line ocrx_word'/>
</head>
<body>
  <div class='ocr_page' id='page_1' title='image "./herodotus04blakgoog_0306.png"; bbox 0 0 2250 3500; ppageno 0'>
   <div class='ocr_carea' id='block_1_1' title="bbox 334 124 1949 2037">
    <p class='ocr_par' dir='ltr' id='par_1_1' title="bbox 334 124 1949 2037">
     <span class='ocr_line' id='line_1_1' title="bbox 342 124 1943 191; baseline 0.001 -16"><span class='ocrx_word' id='word_1_1' title='bbox 342 128 437 175; x_wconf 81' lang='lat'>284</span> <span class='ocrx_word' id='word_1_2' title='bbox 948 124 1316 174; x_wconf 73' lang='lat' dir='ltr'><strong>&#39;HPOAOTOT</strong></span> <span class='ocrx_word' id='word_1_3' title='bbox 1361 174 1370 183; x_wconf 63' lang='grc'>,</span> <span class='ocrx_word' id='word_1_4' title='bbox 1817 124 1943 191; x_wconf 79' lang='lat' dir='ltr'><strong>[IV.</strong></span> 
     </span>
     <span class='ocr_line' id='line_1_2' title="bbox 342 202 1949 282; baseline 0.001 -18"><span class='ocrx_word' id='word_1_5' title='bbox 342 205 403 265; x_wconf 81' lang='grc' dir='ltr'>δὲ</span> <span class='ocrx_word' id='word_1_6' title='bbox 442 204 801 282; x_wconf 79' lang='grc' dir='ltr'>Κιμμερίους,</span> <span class='ocrx_word' id='word_1_7' title='bbox 845 202 1109 265; x_wconf 83' lang='grc' dir='ltr'>ἐπιόντων</span> <span class='ocrx_word' id='word_1_8' title='bbox 1142 204 1412 273; x_wconf 79' lang='grc' dir='ltr'>Σκυθέων,</span> <span class='ocrx_word' id='word_1_9' title='bbox 1452 202 1835 280; x_wconf 77' lang='grc' dir='ltr'>βουλεύεσθαι</span> <span class='ocrx_word' id='word_1_10' title='bbox 1879 205 1949 269; x_wconf 78' lang='grc' dir='ltr'>ὥς</span> 
     </span>
     <span class='ocr_line' id='line_1_3' title="bbox 340 291 1949 374; baseline -0.001 -21"><span class='ocrx_word' id='word_1_11' title='bbox 340 297 585 369; x_wconf 79' lang='grc' dir='ltr'>στρατοῦ</span> <span class='ocrx_word' id='word_1_12' title='bbox 638 292 888 355; x_wconf 82' lang='grc' dir='ltr'>ἐπιόντος</span> <span class='ocrx_word' id='word_1_13' title='bbox 944 291 1218 374; x_wconf 77' lang='grc' dir='ltr'>μεγάλου·</span> <span class='ocrx_word' id='word_1_14' title='bbox 1301 292 1393 351; x_wconf 83' lang='grc' dir='ltr'>καὶ</span> <span class='ocrx_word' id='word_1_15' title='bbox 1451 292 1521 367; x_wconf 74' lang='grc' dir='ltr'>δὴ</span> <span class='ocrx_word' id='word_1_16' title='bbox 1574 291 1676 354; x_wconf 72' lang='grc' dir='ltr'>τσῖς</span> <span class='ocrx_word' id='word_1_17' title='bbox 1726 292 1949 372; x_wconf 79' lang='grc' dir='ltr'>γνώμας</span> 
     </span>
     <span class='ocr_line' id='line_1_4' title="bbox 341 378 1947 459; baseline -0.001 -18"><span class='ocrx_word' id='word_1_18' title='bbox 341 381 535 455; x_wconf 85' lang='grc' dir='ltr'>σφέων</span> <span class='ocrx_word' id='word_1_19' title='bbox 606 380 1032 459; x_wconf 82' lang='grc' dir='ltr'>κεχωρισμένας,</span> <span class='ocrx_word' id='word_1_20' title='bbox 1102 378 1354 443; x_wconf 83' lang='grc' dir='ltr'>ἐντόνους</span> <span class='ocrx_word' id='word_1_21' title='bbox 1426 382 1530 455; x_wconf 80' lang='grc' dir='ltr'>μὲν</span> <span class='ocrx_word' id='word_1_22' title='bbox 1605 379 1947 457; x_wconf 88' lang='grc' dir='ltr'>ἀμφοτέρας,</span> 
     </span>
     <span class='ocr_line' id='line_1_5' title="bbox 339 466 1946 549; baseline 0.001 -22"><span class='ocrx_word' id='word_1_23' title='bbox 339 468 543 545; x_wconf 78' lang='grc' dir='ltr'>ἀμείνω</span> <span class='ocrx_word' id='word_1_24' title='bbox 580 469 641 527; x_wconf 84' lang='grc' dir='ltr'>δὲ</span> <span class='ocrx_word' id='word_1_25' title='bbox 676 468 780 543; x_wconf 81' lang='grc' dir='ltr'>τήν</span> <span class='ocrx_word' id='word_1_26' title='bbox 815 472 926 527; x_wconf 75' lang='grc' dir='ltr'>τῶν</span> <span class='ocrx_word' id='word_1_27' title='bbox 959 467 1271 544; x_wconf 86' lang='grc' dir='ltr'>βασιλέων·</span> <span class='ocrx_word' id='word_1_28' title='bbox 1314 466 1419 542; x_wconf 77' lang='grc' dir='ltr'>τήν</span> <span class='ocrx_word' id='word_1_29' title='bbox 1453 469 1558 544; x_wconf 81' lang='grc' dir='ltr'>μὲν</span> <span class='ocrx_word' id='word_1_30' title='bbox 1595 466 1706 549; x_wconf 73' lang='grc' dir='ltr'>γὰρ</span> <span class='ocrx_word' id='word_1_31' title='bbox 1746 468 1813 542; x_wconf 80' lang='grc' dir='ltr'>δὴ</span> <span class='ocrx_word' id='word_1_32' title='bbox 1845 466 1946 529; x_wconf 73' lang='grc' dir='ltr'>τοῦ</span> 
     </span>
     <span class='ocr_line' id='line_1_6' title="bbox 340 554 1948 637; baseline 0.001 -22"><span class='ocrx_word' id='word_1_33' title='bbox 340 555 519 633; x_wconf 82' lang='grc' dir='ltr'>δήμου</span> <span class='ocrx_word' id='word_1_34' title='bbox 560 556 751 633; x_wconf 88' lang='grc' dir='ltr'>φέρειν</span> <span class='ocrx_word' id='word_1_35' title='bbox 788 554 1015 637; x_wconf 77' lang='grc' dir='ltr'>γνώμην</span> <span class='ocrx_word' id='word_1_36' title='bbox 1062 554 1135 619; x_wconf 74' lang='grc' dir='ltr'>αἷς</span> <span class='ocrx_word' id='word_1_37' title='bbox 1173 554 1665 615; x_wconf 75' lang='grc' dir='ltr'>ἀπαλλάσσεσθαι</span> <span class='ocrx_word' id='word_1_38' title='bbox 1710 559 1948 637; x_wconf 81' lang='grc' dir='ltr'>πρῆγμα</span> 
     </span>
     <span class='ocr_line' id='line_1_7' title="bbox 341 640 1948 721; baseline 0.002 -19"><span class='ocrx_word' id='word_1_39' title='bbox 341 644 442 720; x_wconf 80' lang='grc' dir='ltr'>εἴη,</span> <span class='ocrx_word' id='word_1_40' title='bbox 485 644 627 721; x_wconf 81' lang='grc' dir='ltr'>μηδὲ</span> <span class='ocrx_word' id='word_1_41' title='bbox 666 643 808 719; x_wconf 81' lang='grc' dir='ltr'>πρὸς</span> <span class='ocrx_word' id='word_1_42' title='bbox 847 640 1101 706; x_wconf 70' lang='grc' dir='ltr'>πολλοὺς</span> <span class='ocrx_word' id='word_1_43' title='bbox 1141 642 1403 718; x_wconf 81' lang='grc' dir='ltr'>δεόμενον</span> <span class='ocrx_word' id='word_1_44' title='bbox 1444 642 1788 703; x_wconf 80' lang='grc' dir='ltr'>κινδυνεύειν·</span> <span class='ocrx_word' id='word_1_45' title='bbox 1844 644 1948 719; x_wconf 80' lang='grc' dir='ltr'>τήν</span> 
     </span>
     <span class='ocr_line' id='line_1_8' title="bbox 340 728 1947 810; baseline -0.002 -19"><span class='ocrx_word' id='word_1_46' title='bbox 340 732 402 791; x_wconf 81' lang='grc' dir='ltr'>δὲ</span> <span class='ocrx_word' id='word_1_47' title='bbox 425 736 535 791; x_wconf 73' lang='grc' dir='ltr'>τῶν</span> <span class='ocrx_word' id='word_1_48' title='bbox 561 732 868 810; x_wconf 86' lang='grc' dir='ltr'>βασιλέων,</span> <span class='ocrx_word' id='word_1_49' title='bbox 898 729 1276 808; x_wconf 79' lang='grc' dir='ltr'>διαμάχεσθαι</span> <span class='ocrx_word' id='word_1_50' title='bbox 1301 730 1430 806; x_wconf 83' lang='grc' dir='ltr'>περὶ</span> <span class='ocrx_word' id='word_1_51' title='bbox 1455 734 1558 805; x_wconf 73' lang='grc' dir='ltr'>τῆς</span> <span class='ocrx_word' id='word_1_52' title='bbox 1581 728 1769 807; x_wconf 76' lang='grc' dir='ltr'>χώρης</span> <span class='ocrx_word' id='word_1_53' title='bbox 1794 734 1947 790; x_wconf 81' lang='grc' dir='ltr'>τοῖσι</span> 
     </span>
     <span class='ocr_line' id='line_1_9' title="bbox 340 816 1947 894; baseline -0.001 -15"><span class='ocrx_word' id='word_1_54' title='bbox 340 824 582 880; x_wconf 80' lang='grc' dir='ltr'>ἐπιοῦσι·</span> <span class='ocrx_word' id='word_1_55' title='bbox 652 818 827 879; x_wconf 79' lang='grc' dir='ltr'>οὔκων</span> <span class='ocrx_word' id='word_1_56' title='bbox 878 818 947 894; x_wconf 73' lang='grc' dir='ltr'>δή</span> <span class='ocrx_word' id='word_1_57' title='bbox 1005 818 1219 878; x_wconf 83' lang='grc' dir='ltr'>ἐθέλειν</span> <span class='ocrx_word' id='word_1_58' title='bbox 1271 818 1570 879; x_wconf 87' lang='grc' dir='ltr'>πείθεσθαι</span> <span class='ocrx_word' id='word_1_59' title='bbox 1619 816 1747 877; x_wconf 77' lang='grc' dir='ltr'>οὔτε</span> <span class='ocrx_word' id='word_1_60' title='bbox 1794 822 1947 879; x_wconf 83' lang='grc' dir='ltr'>τοῖσι</span> 
     </span>
     <span class='ocr_line' id='line_1_10' title="bbox 338 904 1945 985; baseline 0.001 -18"><span class='ocrx_word' id='word_1_61' title='bbox 338 909 654 983; x_wconf 82' lang='grc' dir='ltr'>βασιλεῦσι</span> <span class='ocrx_word' id='word_1_62' title='bbox 679 906 778 967; x_wconf 84' lang='grc' dir='ltr'>τόν</span> <span class='ocrx_word' id='word_1_63' title='bbox 806 907 999 982; x_wconf 81' lang='grc' dir='ltr'>δῆμον,</span> <span class='ocrx_word' id='word_1_64' title='bbox 1028 904 1157 966; x_wconf 76' lang='grc' dir='ltr'>οὔτε</span> <span class='ocrx_word' id='word_1_65' title='bbox 1191 909 1268 985; x_wconf 78' lang='grc' dir='ltr'>τῷ</span> <span class='ocrx_word' id='word_1_66' title='bbox 1299 905 1456 985; x_wconf 76' lang='grc' dir='ltr'>δήμῳ</span> <span class='ocrx_word' id='word_1_67' title='bbox 1488 905 1618 969; x_wconf 74' lang='grc' dir='ltr'>τοῦς</span> <span class='ocrx_word' id='word_1_68' title='bbox 1643 907 1945 981; x_wconf 80' lang='grc' dir='ltr'>βασιλέας·</span> 
     </span>
     <span class='ocr_line' id='line_1_11' title="bbox 337 992 1945 1073; baseline 0 -19"><span class='ocrx_word' id='word_1_69' title='bbox 337 993 469 1057; x_wconf 73' lang='grc' dir='ltr'>τούς</span> <span class='ocrx_word' id='word_1_70' title='bbox 501 996 605 1071; x_wconf 79' lang='grc' dir='ltr'>μὲν</span> <span class='ocrx_word' id='word_1_71' title='bbox 638 994 707 1069; x_wconf 77' lang='grc' dir='ltr'>δὴ</span> <span class='ocrx_word' id='word_1_72' title='bbox 745 992 1234 1055; x_wconf 77' lang='grc' dir='ltr'>ἀπαλλάσσεσθαι</span> <span class='ocrx_word' id='word_1_73' title='bbox 1269 993 1653 1070; x_wconf 78' lang='grc' dir='ltr'>βουλεύεσθαι</span> <span class='ocrx_word' id='word_1_74' title='bbox 1679 992 1945 1073; x_wconf 81' lang='grc' dir='ltr'>ἀμαχητὶ,</span> 
     </span>
     <span class='ocr_line' id='line_1_12' title="bbox 336 1079 1947 1159; baseline 0.002 -20"><span class='ocrx_word' id='word_1_75' title='bbox 336 1080 442 1156; x_wconf 82' lang='grc' dir='ltr'>τήν</span> <span class='ocrx_word' id='word_1_76' title='bbox 492 1080 680 1159; x_wconf 78' lang='grc' dir='ltr'>χώρην</span> <span class='ocrx_word' id='word_1_77' title='bbox 732 1079 1084 1157; x_wconf 84' lang='grc' dir='ltr'>παραδόντας</span> <span class='ocrx_word' id='word_1_78' title='bbox 1143 1085 1298 1141; x_wconf 83' lang='grc' dir='ltr'>τοῖσι</span> <span class='ocrx_word' id='word_1_79' title='bbox 1358 1086 1600 1141; x_wconf 84' lang='grc' dir='ltr'>ἐπιοῦσι·</span> <span class='ocrx_word' id='word_1_80' title='bbox 1682 1084 1837 1141; x_wconf 85' lang='grc' dir='ltr'>τοῖσι</span> <span class='ocrx_word' id='word_1_81' title='bbox 1888 1082 1947 1142; x_wconf 82' lang='grc' dir='ltr'>δὲ</span> 
     </span>
     <span class='ocr_line' id='line_1_13' title="bbox 338 1163 1944 1247; baseline 0.003 -20"><span class='ocrx_word' id='word_1_82' title='bbox 338 1170 655 1244; x_wconf 82' lang='grc' dir='ltr'>βασιλεῦσι</span> <span class='ocrx_word' id='word_1_83' title='bbox 682 1168 839 1238; x_wconf 82' lang='grc' dir='ltr'>δόξαι</span> <span class='ocrx_word' id='word_1_84' title='bbox 866 1174 924 1228; x_wconf 85' lang='grc' dir='ltr'>ἐν</span> <span class='ocrx_word' id='word_1_85' title='bbox 948 1173 1021 1247; x_wconf 84' lang='grc' dir='ltr'>τῇ</span> <span class='ocrx_word' id='word_1_86' title='bbox 1048 1172 1261 1229; x_wconf 73' lang='grc' dir='ltr'>ἑωυτῶν</span> <span class='ocrx_word' id='word_1_87' title='bbox 1289 1169 1517 1229; x_wconf 89' lang='grc' dir='ltr'>κέεσθαι</span> <span class='ocrx_word' id='word_1_88' title='bbox 1543 1163 1944 1241; x_wconf 82' lang='grc' dir='ltr'>ἀποθανόντας,</span> 
     </span>
     <span class='ocr_line' id='line_1_14' title="bbox 339 1255 1941 1338; baseline 0.003 -24"><span class='ocrx_word' id='word_1_89' title='bbox 339 1256 481 1335; x_wconf 83' lang='grc' dir='ltr'>μηδὲ</span> <span class='ocrx_word' id='word_1_90' title='bbox 533 1256 879 1338; x_wconf 77' lang='grc' dir='ltr'>συμφεύγειν</span> <span class='ocrx_word' id='word_1_91' title='bbox 922 1259 1001 1335; x_wconf 77' lang='grc' dir='ltr'>τῷ</span> <span class='ocrx_word' id='word_1_92' title='bbox 1046 1256 1218 1337; x_wconf 79' lang='grc' dir='ltr'>δήμῳ,</span> <span class='ocrx_word' id='word_1_93' title='bbox 1273 1257 1685 1338; x_wconf 86' lang='grc' dir='ltr'>λογισαμένους</span> <span class='ocrx_word' id='word_1_94' title='bbox 1724 1255 1840 1317; x_wconf 83' lang='grc' dir='ltr'>ὅσα</span> <span class='ocrx_word' id='word_1_95' title='bbox 1877 1284 1941 1319; x_wconf 90' lang='grc' dir='ltr'>τε</span> 
     </span>
     <span class='ocr_line' id='line_1_15' title="bbox 339 1342 1943 1426; baseline 0.001 -25"><span class='ocrx_word' id='word_1_96' title='bbox 339 1342 526 1424; x_wconf 72' lang='grc' dir='ltr'>ἀγαθὰ</span> <span class='ocrx_word' id='word_1_97' title='bbox 571 1343 891 1405; x_wconf 89' lang='grc' dir='ltr'>πεπόνθασι</span> <span class='ocrx_word' id='word_1_98' title='bbox 940 1344 1038 1405; x_wconf 73' lang='grc' dir='ltr'>,καὶ</span> <span class='ocrx_word' id='word_1_99' title='bbox 1078 1343 1192 1403; x_wconf 85' lang='grc' dir='ltr'>ὅσα</span> <span class='ocrx_word' id='word_1_100' title='bbox 1234 1343 1546 1426; x_wconf 77' lang='grc' dir='ltr'>φεύγοντας</span> <span class='ocrx_word' id='word_1_101' title='bbox 1589 1350 1649 1404; x_wconf 85' lang='grc' dir='ltr'>ἐκ</span> <span class='ocrx_word' id='word_1_102' title='bbox 1696 1348 1798 1420; x_wconf 83' lang='grc' dir='ltr'>τῆς</span> <span class='ocrx_word' id='word_1_103' title='bbox 1837 1370 1943 1403; x_wconf 89' lang='grc' dir='ltr'>πα-</span> 
     </span>
     <span class='ocr_line' id='line_1_16' title="bbox 339 1430 1944 1510; baseline 0.001 -19"><span class='ocrx_word' id='word_1_104' title='bbox 339 1432 522 1509; x_wconf 82' lang='grc' dir='ltr'>τρίδος</span> <span class='ocrx_word' id='word_1_105' title='bbox 565 1433 708 1493; x_wconf 80' lang='grc' dir='ltr'>κακοὶ</span> <span class='ocrx_word' id='word_1_106' title='bbox 749 1432 977 1501; x_wconf 75' lang='grc' dir='ltr'>ἐπίδοξα</span> <span class='ocrx_word' id='word_1_107' title='bbox 1012 1432 1490 1510; x_wconf 86' lang='grc' dir='ltr'>καταλαμβάνειν·</span> <span class='ocrx_word' id='word_1_108' title='bbox 1562 1430 1634 1495; x_wconf 80' lang='grc' dir='ltr'>ὥς</span> <span class='ocrx_word' id='word_1_109' title='bbox 1679 1432 1739 1491; x_wconf 83' lang='grc' dir='ltr'>δὲ</span> <span class='ocrx_word' id='word_1_110' title='bbox 1785 1432 1944 1503; x_wconf 76' lang='grc' dir='ltr'>δόξαι</span> 
     </span>
     <span class='ocr_line' id='line_1_17' title="bbox 340 1518 1944 1600; baseline 0.001 -21"><span class='ocrx_word' id='word_1_111' title='bbox 340 1525 453 1595; x_wconf 89' lang='grc' dir='ltr'>σφι</span> <span class='ocrx_word' id='word_1_112' title='bbox 502 1526 695 1591; x_wconf 86' lang='grc' dir='ltr'>ταῦτα,</span> <span class='ocrx_word' id='word_1_113' title='bbox 750 1520 1095 1593; x_wconf 84' lang='grc' dir='ltr'>διαστάντας,</span> <span class='ocrx_word' id='word_1_114' title='bbox 1147 1520 1238 1579; x_wconf 83' lang='grc' dir='ltr'>καὶ</span> <span class='ocrx_word' id='word_1_115' title='bbox 1291 1518 1528 1596; x_wconf 71' lang='grc' dir='ltr'>ἀριθμόν</span> <span class='ocrx_word' id='word_1_116' title='bbox 1582 1520 1742 1582; x_wconf 84' lang='grc' dir='ltr'>ἴσους</span> <span class='ocrx_word' id='word_1_117' title='bbox 1786 1546 1944 1600; x_wconf 87' lang='grc' dir='ltr'>γενο-</span> 
     </span>
     <span class='ocr_line' id='line_1_18' title="bbox 335 1606 1946 1687; baseline 0.001 -21"><span class='ocrx_word' id='word_1_118' title='bbox 335 1608 551 1683; x_wconf 87' lang='grc' dir='ltr'>μένους,</span> <span class='ocrx_word' id='word_1_119' title='bbox 605 1608 891 1687; x_wconf 88' lang='grc' dir='ltr'>μάχεσθαι</span> <span class='ocrx_word' id='word_1_120' title='bbox 940 1607 1083 1683; x_wconf 75' lang='grc' dir='ltr'>πρὸς</span> <span class='ocrx_word' id='word_1_121' title='bbox 1137 1606 1445 1683; x_wconf 79' lang='grc' dir='ltr'>ἀλλήλους·</span> <span class='ocrx_word' id='word_1_122' title='bbox 1515 1608 1608 1667; x_wconf 86' lang='grc' dir='ltr'>καὶ</span> <span class='ocrx_word' id='word_1_123' title='bbox 1658 1606 1790 1671; x_wconf 73' lang='grc' dir='ltr'>τούς</span> <span class='ocrx_word' id='word_1_124' title='bbox 1840 1610 1946 1685; x_wconf 78' lang='grc' dir='ltr'>μὲν</span> 
     </span>
     <span class='ocr_line' id='line_1_19' title="bbox 336 1693 1946 1774; baseline 0.002 -20"><span class='ocrx_word' id='word_1_125' title='bbox 336 1694 717 1759; x_wconf 84' lang='grc' dir='ltr'>ἀποθανόντας</span> <span class='ocrx_word' id='word_1_126' title='bbox 760 1696 971 1758; x_wconf 83' lang='grc' dir='ltr'>πάντας</span> <span class='ocrx_word' id='word_1_127' title='bbox 1012 1693 1105 1755; x_wconf 76' lang='grc' dir='ltr'>ὕπ’</span> <span class='ocrx_word' id='word_1_128' title='bbox 1139 1698 1366 1766; x_wconf 80' lang='grc' dir='ltr'>ἑωυτῶν,</span> <span class='ocrx_word' id='word_1_129' title='bbox 1405 1694 1584 1774; x_wconf 84' lang='grc' dir='ltr'>θάψαι</span> <span class='ocrx_word' id='word_1_130' title='bbox 1620 1694 1737 1756; x_wconf 70' lang='grc' dir='ltr'>τὸν4</span> <span class='ocrx_word' id='word_1_131' title='bbox 1764 1696 1946 1773; x_wconf 81' lang='grc' dir='ltr'>δῆμον</span> 
     </span>
     <span class='ocr_line' id='line_1_20' title="bbox 334 1782 1947 1861; baseline 0.002 -19"><span class='ocrx_word' id='word_1_132' title='bbox 334 1786 445 1842; x_wconf 76' lang='grc' dir='ltr'>τῶν</span> <span class='ocrx_word' id='word_1_133' title='bbox 490 1784 815 1860; x_wconf 81' lang='grc' dir='ltr'>Κιμμερίων</span> <span class='ocrx_word' id='word_1_134' title='bbox 852 1782 1005 1860; x_wconf 79' lang='grc' dir='ltr'>παραὶ</span> <span class='ocrx_word' id='word_1_135' title='bbox 1046 1783 1302 1861; x_wconf 84' lang='grc' dir='ltr'>ποταμόν</span> <span class='ocrx_word' id='word_1_136' title='bbox 1342 1783 1707 1860; x_wconf 79' lang='grc' dir='ltr'>Τύρην-καί</span> <span class='ocrx_word' id='word_1_137' title='bbox 1749 1790 1947 1859; x_wconf 86' lang='grc' dir='ltr'>σφεων</span> 
     </span>
     <span class='ocr_line' id='line_1_21' title="bbox 338 1868 1947 1948; baseline 0.003 -20"><span class='ocrx_word' id='word_1_138' title='bbox 338 1869 418 1928; x_wconf 78' lang='grc' dir='ltr'>ἔτι</span> <span class='ocrx_word' id='word_1_139' title='bbox 472 1868 642 1946; x_wconf 84' lang='grc' dir='ltr'>δῆλός</span> <span class='ocrx_word' id='word_1_140' title='bbox 691 1874 814 1930; x_wconf 89' lang='grc' dir='ltr'>ἐστι</span> <span class='ocrx_word' id='word_1_141' title='bbox 857 1869 890 1930; x_wconf 80' lang='grc' dir='ltr'>ὅ</span> <span class='ocrx_word' id='word_1_142' title='bbox 931 1870 1483 1948; x_wconf 71' lang='grc' dir='ltr'>τάφος-θάψαντας</span> <span class='ocrx_word' id='word_1_143' title='bbox 1530 1871 1606 1940; x_wconf 83' lang='grc' dir='ltr'>δὲ,</span> <span class='ocrx_word' id='word_1_144' title='bbox 1655 1869 1798 1931; x_wconf 77' lang='grc' dir='ltr'>οὕτω</span> <span class='ocrx_word' id='word_1_145' title='bbox 1839 1872 1947 1947; x_wconf 71' lang='grc' dir='ltr'>τήν</span> 
     </span>
     <span class='ocr_line' id='line_1_22' title="bbox 338 1956 1944 2037; baseline 0.003 -21"><span class='ocrx_word' id='word_1_146' title='bbox 338 1956 527 2026; x_wconf 77' lang='grc' dir='ltr'>ἔξοδον</span> <span class='ocrx_word' id='word_1_147' title='bbox 554 1962 615 2017; x_wconf 89' lang='grc' dir='ltr'>ἐκ</span> <span class='ocrx_word' id='word_1_148' title='bbox 641 1961 742 2036; x_wconf 79' lang='grc' dir='ltr'>τῆς</span> <span class='ocrx_word' id='word_1_149' title='bbox 765 1957 951 2037; x_wconf 78' lang='grc' dir='ltr'>χώρης</span> <span class='ocrx_word' id='word_1_150' title='bbox 976 1959 1288 2019; x_wconf 88' lang='grc' dir='ltr'>ποιέεσθαι·</span> <span class='ocrx_word' id='word_1_151' title='bbox 1332 1958 1550 2024; x_wconf 79' lang='grc' dir='ltr'>Σκύθας</span> <span class='ocrx_word' id='word_1_152' title='bbox 1583 1959 1643 2018; x_wconf 81' lang='grc' dir='ltr'>δὲ</span> <span class='ocrx_word' id='word_1_153' title='bbox 1680 1959 1944 2020; x_wconf 83' lang='grc' dir='ltr'>ἐπελθόν-</span> 
     </span>
    </p>
   </div>
   <div class='ocr_carea' id='block_1_2' title="bbox 254 2044 1945 2125">
    <p class='ocr_par' dir='ltr' id='par_1_2' title="bbox 254 2044 1945 2125">
     <span class='ocr_line' id='line_1_23' title="bbox 254 2044 1945 2125; baseline -0.001 -15"><span class='ocrx_word' id='word_1_154' title='bbox 254 2053 326 2112; x_wconf 84' lang='grc'>12</span> <span class='ocrx_word' id='word_1_155' title='bbox 336 2071 436 2108; x_wconf 89' lang='grc' dir='ltr'>τας</span> <span class='ocrx_word' id='word_1_156' title='bbox 469 2048 677 2123; x_wconf 82' lang='grc' dir='ltr'>λαβεῖν</span> <span class='ocrx_word' id='word_1_157' title='bbox 708 2047 919 2125; x_wconf 85' lang='grc' dir='ltr'>ἐρήμην</span> <span class='ocrx_word' id='word_1_158' title='bbox 954 2045 1059 2122; x_wconf 80' lang='grc' dir='ltr'>τήν</span> <span class='ocrx_word' id='word_1_159' title='bbox 1092 2044 1302 2124; x_wconf 78' lang='grc' dir='ltr'>χώρην.</span> <span class='ocrx_word' id='word_1_160' title='bbox 1384 2047 1502 2105; x_wconf 87' lang='grc' dir='ltr'>Καὶ</span> <span class='ocrx_word' id='word_1_161' title='bbox 1537 2049 1636 2106; x_wconf 82' lang='grc' dir='ltr'>νῦν</span> <span class='ocrx_word' id='word_1_162' title='bbox 1678 2047 1800 2106; x_wconf 80' lang='grc' dir='ltr'>ἔστι</span> <span class='ocrx_word' id='word_1_163' title='bbox 1839 2049 1945 2123; x_wconf 73' lang='grc' dir='ltr'>μὲν</span> 
     </span>
    </p>
   </div>
   <div class='ocr_carea' id='block_1_3' title="bbox 248 3254 310 3292">
    <p class='ocr_par' dir='ltr' id='par_1_3' title="bbox 248 3254 310 3292">
     <span class='ocr_line' id='line_1_24' title="bbox 248 3254 310 3292; baseline 0 0"><span class='ocrx_word' id='word_1_164' title='bbox 248 3254 257 3260; x_wconf 86' lang='grc'><em>“</em></span> <span class='ocrx_word' id='word_1_165' title='bbox 278 3257 310 3292; x_wconf 65' lang='grc' dir='ltr'>’ἱ</span> 
     </span>
    </p>
   </div>
   <div class='ocr_carea' id='block_1_4' title="bbox 326 2133 1945 3353">
    <p class='ocr_par' dir='ltr' id='par_1_4' title="bbox 326 2133 1945 3263">
     <span class='ocr_line' id='line_1_25' title="bbox 338 2133 1945 2214; baseline 0.001 -21"><span class='ocrx_word' id='word_1_166' title='bbox 338 2137 397 2193; x_wconf 87' lang='grc' dir='ltr'>ἐν</span> <span class='ocrx_word' id='word_1_167' title='bbox 424 2136 499 2212; x_wconf 83' lang='grc' dir='ltr'>τῇ</span> <span class='ocrx_word' id='word_1_168' title='bbox 537 2136 783 2214; x_wconf 83' lang='grc' dir='ltr'>Σκυθικῇ</span> <span class='ocrx_word' id='word_1_169' title='bbox 816 2134 1102 2212; x_wconf 83' lang='grc' dir='ltr'>Κιμμέρια</span> <span class='ocrx_word' id='word_1_170' title='bbox 1133 2133 1341 2210; x_wconf 87' lang='grc' dir='ltr'>τείχεα·</span> <span class='ocrx_word' id='word_1_171' title='bbox 1383 2133 1508 2193; x_wconf 81' lang='grc' dir='ltr'>ἔστι</span> <span class='ocrx_word' id='word_1_172' title='bbox 1540 2134 1600 2192; x_wconf 80' lang='grc' dir='ltr'>δὲ</span> <span class='ocrx_word' id='word_1_173' title='bbox 1637 2133 1945 2211; x_wconf 85' lang='grc' dir='ltr'>Πορθμήῖα</span> 
     </span>
     <span class='ocr_line' id='line_1_26' title="bbox 338 2218 1944 2299; baseline 0.002 -20"><span class='ocrx_word' id='word_1_174' title='bbox 338 2223 643 2299; x_wconf 85' lang='grc' dir='ltr'>Κιμμέρια·</span> <span class='ocrx_word' id='word_1_175' title='bbox 686 2225 807 2284; x_wconf 83' lang='grc' dir='ltr'>ἔστι</span> <span class='ocrx_word' id='word_1_176' title='bbox 832 2223 893 2281; x_wconf 76' lang='grc' dir='ltr'>δὲ</span> <span class='ocrx_word' id='word_1_177' title='bbox 918 2222 1011 2281; x_wconf 85' lang='grc' dir='ltr'>καὶ</span> <span class='ocrx_word' id='word_1_178' title='bbox 1041 2219 1197 2299; x_wconf 76' lang='grc' dir='ltr'>χώρη</span> <span class='ocrx_word' id='word_1_179' title='bbox 1226 2218 1436 2297; x_wconf 76' lang='grc' dir='ltr'>οὔνομα</span> <span class='ocrx_word' id='word_1_180' title='bbox 1469 2222 1774 2299; x_wconf 83' lang='grc' dir='ltr'>Κιμμερίη·</span> <span class='ocrx_word' id='word_1_181' title='bbox 1819 2223 1944 2282; x_wconf 83' lang='grc' dir='ltr'>ἔστι</span> 
     </span>
     <span class='ocr_line' id='line_1_27' title="bbox 337 2307 1944 2387; baseline 0.002 -21"><span class='ocrx_word' id='word_1_182' title='bbox 337 2308 397 2367; x_wconf 79' lang='grc' dir='ltr'>δὲ</span> <span class='ocrx_word' id='word_1_183' title='bbox 430 2308 729 2387; x_wconf 87' lang='grc' dir='ltr'>Βόσπορος</span> <span class='ocrx_word' id='word_1_184' title='bbox 765 2310 1077 2387; x_wconf 82' lang='grc' dir='ltr'>Κιμμέριος</span> <span class='ocrx_word' id='word_1_185' title='bbox 1115 2307 1470 2386; x_wconf 88' lang='grc' dir='ltr'>καλεόμενος.</span> <span class='ocrx_word' id='word_1_186' title='bbox 1555 2311 1851 2385; x_wconf 88' lang='grc' dir='ltr'>φαίνονται</span> <span class='ocrx_word' id='word_1_187' title='bbox 1880 2309 1944 2370; x_wconf 76' lang='grc' dir='ltr'>δὲ</span> 
     </span>
     <span class='ocr_line' id='line_1_28' title="bbox 338 2395 1943 2478; baseline 0.002 -25"><span class='ocrx_word' id='word_1_188' title='bbox 338 2398 392 2453; x_wconf 79' lang='grc' dir='ltr'>οἳ</span> <span class='ocrx_word' id='word_1_189' title='bbox 430 2397 731 2472; x_wconf 84' lang='grc' dir='ltr'>Κιμμέριοι</span> <span class='ocrx_word' id='word_1_190' title='bbox 768 2397 1068 2478; x_wconf 83' lang='grc' dir='ltr'>φεύγοντες</span> <span class='ocrx_word' id='word_1_191' title='bbox 1099 2400 1156 2459; x_wconf 82' lang='grc' dir='ltr'>ἐς</span> <span class='ocrx_word' id='word_1_192' title='bbox 1193 2395 1298 2472; x_wconf 83' lang='grc' dir='ltr'>τήν</span> <span class='ocrx_word' id='word_1_193' title='bbox 1322 2395 1527 2472; x_wconf 86' lang='grc' dir='ltr'>Ἀσίην</span> <span class='ocrx_word' id='word_1_194' title='bbox 1551 2396 1682 2460; x_wconf 76' lang='grc' dir='ltr'>τούς</span> <span class='ocrx_word' id='word_1_195' title='bbox 1718 2397 1943 2463; x_wconf 80' lang='grc' dir='ltr'>Σκύθας</span> 
     </span>
     <span class='ocr_line' id='line_1_29' title="bbox 340 2481 1943 2564; baseline 0.004 -25"><span class='ocrx_word' id='word_1_196' title='bbox 340 2481 433 2539; x_wconf 81' lang='grc' dir='ltr'>καὶ</span> <span class='ocrx_word' id='word_1_197' title='bbox 474 2481 578 2557; x_wconf 80' lang='grc' dir='ltr'>τήν</span> <span class='ocrx_word' id='word_1_198' title='bbox 619 2483 973 2562; x_wconf 88' lang='grc' dir='ltr'>χερσόνησον</span> <span class='ocrx_word' id='word_1_199' title='bbox 1014 2484 1318 2554; x_wconf 85' lang='grc' dir='ltr'>κτίσαντες,</span> <span class='ocrx_word' id='word_1_200' title='bbox 1362 2488 1422 2544; x_wconf 91' lang='grc' dir='ltr'>ἐν</span> <span class='ocrx_word' id='word_1_201' title='bbox 1461 2489 1534 2564; x_wconf 84' lang='grc' dir='ltr'>τῇ</span> <span class='ocrx_word' id='word_1_202' title='bbox 1575 2488 1675 2545; x_wconf 79' lang='grc' dir='ltr'>νῦν</span> <span class='ocrx_word' id='word_1_203' title='bbox 1711 2485 1943 2563; x_wconf 79' lang='grc' dir='ltr'>Σινώπη</span> 
     </span>
     <span class='ocr_line' id='line_1_30' title="bbox 333 2569 1942 2649; baseline 0.003 -21"><span class='ocrx_word' id='word_1_204' title='bbox 333 2569 501 2634; x_wconf 89' lang='grc' dir='ltr'>πόλις</span> <span class='ocrx_word' id='word_1_205' title='bbox 525 2570 737 2637; x_wconf 71' lang='grc' dir='ltr'>Ἑλλὰς</span> <span class='ocrx_word' id='word_1_206' title='bbox 765 2573 1025 2633; x_wconf 78' lang='grc' dir='ltr'>οἴκισται·</span> <span class='ocrx_word' id='word_1_207' title='bbox 1069 2573 1304 2649; x_wconf 86' lang='grc' dir='ltr'>φανεροὶ</span> <span class='ocrx_word' id='word_1_208' title='bbox 1346 2571 1410 2632; x_wconf 82' lang='grc' dir='ltr'>δέ</span> <span class='ocrx_word' id='word_1_209' title='bbox 1449 2577 1562 2633; x_wconf 88' lang='grc' dir='ltr'>εἶσι</span> <span class='ocrx_word' id='word_1_210' title='bbox 1598 2573 1692 2632; x_wconf 80' lang='grc' dir='ltr'>καὶ</span> <span class='ocrx_word' id='word_1_211' title='bbox 1718 2576 1772 2633; x_wconf 81' lang='grc' dir='ltr'>οἱ</span> <span class='ocrx_word' id='word_1_212' title='bbox 1800 2573 1942 2639; x_wconf 78' lang='grc' dir='ltr'>Σκύ-</span> 
     </span>
     <span class='ocr_line' id='line_1_31' title="bbox 340 2658 1944 2742; baseline 0.002 -25"><span class='ocrx_word' id='word_1_213' title='bbox 340 2659 435 2718; x_wconf 92' lang='grc' dir='ltr'>θαι</span> <span class='ocrx_word' id='word_1_214' title='bbox 481 2658 767 2730; x_wconf 79' lang='grc' dir='ltr'>διῶξαντες</span> <span class='ocrx_word' id='word_1_215' title='bbox 812 2660 1012 2724; x_wconf 76' lang='grc' dir='ltr'>αὐτοῦς</span> <span class='ocrx_word' id='word_1_216' title='bbox 1055 2661 1148 2720; x_wconf 83' lang='grc' dir='ltr'>καὶ</span> <span class='ocrx_word' id='word_1_217' title='bbox 1196 2660 1543 2737; x_wconf 74' lang='grc' dir='ltr'>ἐσβαλόντες</span> <span class='ocrx_word' id='word_1_218' title='bbox 1587 2666 1643 2724; x_wconf 83' lang='grc' dir='ltr'>ἐς</span> <span class='ocrx_word' id='word_1_219' title='bbox 1684 2665 1796 2742; x_wconf 76' lang='grc' dir='ltr'>γῆν</span> <span class='ocrx_word' id='word_1_220' title='bbox 1837 2662 1944 2738; x_wconf 81' lang='grc' dir='ltr'>τήν</span> 
     </span>
     <span class='ocr_line' id='line_1_32' title="bbox 340 2746 1942 2831; baseline 0.002 -26"><span class='ocrx_word' id='word_1_221' title='bbox 340 2746 615 2822; x_wconf 75' lang='grc' dir='ltr'>Μηδικήν,</span> <span class='ocrx_word' id='word_1_222' title='bbox 656 2746 997 2825; x_wconf 79' lang='grc' dir='ltr'>ἀμαρτόντες</span> <span class='ocrx_word' id='word_1_223' title='bbox 1030 2751 1132 2823; x_wconf 84' lang='grc' dir='ltr'>τῆς</span> <span class='ocrx_word' id='word_1_224' title='bbox 1166 2747 1318 2808; x_wconf 78' lang='grc' dir='ltr'>ὁδοῦ·</span> <span class='ocrx_word' id='word_1_225' title='bbox 1360 2751 1415 2807; x_wconf 79' lang='grc' dir='ltr'>οἱ</span> <span class='ocrx_word' id='word_1_226' title='bbox 1443 2750 1548 2826; x_wconf 81' lang='grc' dir='ltr'>μὲν</span> <span class='ocrx_word' id='word_1_227' title='bbox 1577 2749 1689 2831; x_wconf 82' lang='grc' dir='ltr'>γοῖρ</span> <span class='ocrx_word' id='word_1_228' title='bbox 1719 2751 1942 2826; x_wconf 87' lang='grc' dir='ltr'>Κιμμέ-</span> 
     </span>
     <span class='ocr_line' id='line_1_33' title="bbox 331 2834 1943 2916; baseline 0.004 -24"><span class='ocrx_word' id='word_1_229' title='bbox 331 2859 445 2909; x_wconf 89' lang='grc' dir='ltr'>ριοι</span> <span class='ocrx_word' id='word_1_230' title='bbox 470 2835 576 2892; x_wconf 85' lang='grc' dir='ltr'>αἰεὶ</span> <span class='ocrx_word' id='word_1_231' title='bbox 602 2835 707 2910; x_wconf 78' lang='grc' dir='ltr'>τήν</span> <span class='ocrx_word' id='word_1_232' title='bbox 732 2835 888 2912; x_wconf 83' lang='grc' dir='ltr'>παροὶ</span> <span class='ocrx_word' id='word_1_233' title='bbox 924 2834 1228 2896; x_wconf 85' lang='grc' dir='ltr'>θάλασσαν</span> <span class='ocrx_word' id='word_1_234' title='bbox 1255 2836 1513 2916; x_wconf 80' lang='grc' dir='ltr'>ἔφευγον·</span> <span class='ocrx_word' id='word_1_235' title='bbox 1557 2841 1611 2896; x_wconf 81' lang='grc' dir='ltr'>οἶ</span> <span class='ocrx_word' id='word_1_236' title='bbox 1641 2837 1702 2896; x_wconf 81' lang='grc' dir='ltr'>δὲ</span> <span class='ocrx_word' id='word_1_237' title='bbox 1726 2837 1943 2902; x_wconf 79' lang='grc' dir='ltr'>Σκύθαι</span> 
     </span>
     <span class='ocr_line' id='line_1_34' title="bbox 332 2919 1940 3002; baseline 0.006 -25"><span class='ocrx_word' id='word_1_238' title='bbox 332 2923 390 2978; x_wconf 84' lang='grc' dir='ltr'>ἐν</span> <span class='ocrx_word' id='word_1_239' title='bbox 430 2919 579 2998; x_wconf 80' lang='grc' dir='ltr'>δεξιῇ</span> <span class='ocrx_word' id='word_1_240' title='bbox 618 2921 719 2982; x_wconf 83' lang='grc' dir='ltr'>τόν</span> <span class='ocrx_word' id='word_1_241' title='bbox 758 2921 1065 2983; x_wconf 78' lang='grc' dir='ltr'>Καύκασον</span> <span class='ocrx_word' id='word_1_242' title='bbox 1106 2923 1326 3002; x_wconf 80' lang='grc' dir='ltr'>ἔχοντες</span> <span class='ocrx_word' id='word_1_243' title='bbox 1365 2923 1609 2985; x_wconf 82' lang='grc' dir='ltr'>ἐδίωκον·</span> <span class='ocrx_word' id='word_1_244' title='bbox 1659 2929 1715 2988; x_wconf 82' lang='grc' dir='ltr'>ἐς</span> <span class='ocrx_word' id='word_1_245' title='bbox 1747 2923 1782 2984; x_wconf 78' lang='grc' dir='ltr'>ὃ</span> <span class='ocrx_word' id='word_1_246' title='bbox 1815 2926 1940 2986; x_wconf 88' lang='grc' dir='ltr'>ἐσέ-</span> 
     </span>
     <span class='ocr_line' id='line_1_35' title="bbox 326 3001 1942 3092; baseline 0.007 -31"><span class='ocrx_word' id='word_1_247' title='bbox 326 3006 517 3077; x_wconf 90' lang='grc' dir='ltr'>βαλον</span> <span class='ocrx_word' id='word_1_248' title='bbox 557 3013 613 3071; x_wconf 89' lang='grc' dir='ltr'>ἐς</span> <span class='ocrx_word' id='word_1_249' title='bbox 647 3001 767 3085; x_wconf 67' lang='grc' dir='ltr'>τήνο</span> <span class='ocrx_word' id='word_1_250' title='bbox 786 3010 1047 3087; x_wconf 83' lang='grc' dir='ltr'>Μηδικὴν</span> <span class='ocrx_word' id='word_1_251' title='bbox 1084 3014 1211 3090; x_wconf 83' lang='grc' dir='ltr'>γῆν,</span> <span class='ocrx_word' id='word_1_252' title='bbox 1240 3016 1296 3074; x_wconf 84' lang='grc' dir='ltr'>ἐς</span> <span class='ocrx_word' id='word_1_253' title='bbox 1324 3012 1641 3092; x_wconf 87' lang='grc' dir='ltr'>μεσόγαιαν</span> <span class='ocrx_word' id='word_1_254' title='bbox 1671 3016 1774 3088; x_wconf 83' lang='grc' dir='ltr'>τῆς</span> <span class='ocrx_word' id='word_1_255' title='bbox 1804 3011 1942 3073; x_wconf 78' lang='grc' dir='ltr'>ὁδοῦ</span> 
     </span>
     <span class='ocr_line' id='line_1_36' title="bbox 328 3094 1936 3178; baseline 0.007 -30"><span class='ocrx_word' id='word_1_256' title='bbox 328 3094 685 3166; x_wconf 87' lang='grc' dir='ltr'>τραφθέντες.</span> <span class='ocrx_word' id='word_1_257' title='bbox 766 3095 927 3160; x_wconf 82' lang='grc' dir='ltr'>οὗτος</span> <span class='ocrx_word' id='word_1_258' title='bbox 952 3098 1012 3156; x_wconf 83' lang='grc' dir='ltr'>δὲ</span> <span class='ocrx_word' id='word_1_259' title='bbox 1038 3096 1218 3160; x_wconf 76' lang='grc' dir='ltr'>ἄλλος</span> <span class='ocrx_word' id='word_1_260' title='bbox 1244 3098 1403 3167; x_wconf 72' lang='grc' dir='ltr'>ξυνὸς</span> <span class='ocrx_word' id='word_1_261' title='bbox 1426 3099 1720 3178; x_wconf 85' lang='grc' dir='ltr'>Ἑλλήνων</span> <span class='ocrx_word' id='word_1_262' title='bbox 1748 3125 1812 3161; x_wconf 90' lang='grc' dir='ltr'>τε</span> <span class='ocrx_word' id='word_1_263' title='bbox 1839 3100 1936 3160; x_wconf 85' lang='grc' dir='ltr'>καὶ</span> 
     </span>
     <span class='ocr_line' id='line_1_37' title="bbox 327 3177 1426 3263; baseline 0.003 -24"><span class='ocrx_word' id='word_1_264' title='bbox 327 3177 637 3254; x_wconf 81' lang='grc' dir='ltr'>βαρβάρων</span> <span class='ocrx_word' id='word_1_265' title='bbox 664 3182 968 3263; x_wconf 89' lang='grc' dir='ltr'>λεγόμενος</span> <span class='ocrx_word' id='word_1_266' title='bbox 992 3183 1168 3263; x_wconf 86' lang='grc' dir='ltr'>λόγος</span> <span class='ocrx_word' id='word_1_267' title='bbox 1194 3185 1426 3261; x_wconf 83' lang='grc' dir='ltr'>εἴρηται.</span> 
     </span>
    </p>

    <p class='ocr_par' dir='ltr' id='par_1_5' title="bbox 370 3259 1930 3353">
     <span class='ocr_line' id='line_1_38' title="bbox 370 3259 1930 3353; baseline 0.006 -26"><span class='ocrx_word' id='word_1_268' title='bbox 370 3281 381 3290; x_wconf 90' lang='grc'><strong>”</strong></span> <span class='ocrx_word' id='word_1_269' title='bbox 399 3259 556 3331; x_wconf 76' lang='grc' dir='ltr'>Ἔφη</span> <span class='ocrx_word' id='word_1_270' title='bbox 596 3267 657 3326; x_wconf 79' lang='grc' dir='ltr'>δὲ</span> <span class='ocrx_word' id='word_1_271' title='bbox 694 3267 985 3345; x_wconf 84' lang='grc' dir='ltr'>Ἀριστέης</span> <span class='ocrx_word' id='word_1_272' title='bbox 1025 3269 1057 3329; x_wconf 80' lang='grc' dir='ltr'>ὁ</span> <span class='ocrx_word' id='word_1_273' title='bbox 1099 3272 1526 3350; x_wconf 78' lang='grc' dir='ltr'>Καϋστροβίου,</span> <span class='ocrx_word' id='word_1_274' title='bbox 1581 3273 1723 3352; x_wconf 74' lang='grc' dir='ltr'>ἀνὴρ</span> <span class='ocrx_word' id='word_1_275' title='bbox 1774 3280 1930 3353; x_wconf 86' lang='grc' dir='ltr'>Προ-</span> 
     </span>
    </p>
   </div>
   <div class='ocr_carea' id='block_1_5' title="bbox 2212 2068 2217 3248">
    <p class='ocr_par' dir='ltr' id='par_1_6' title="bbox 2212 2068 2217 3248">
     <span class='ocr_line' id='line_1_39' title="bbox 2212 2068 2217 3248; baseline 0 0"><span class='ocrx_word' id='word_1_276' title='bbox 2212 2068 2217 3248; x_wconf 95' lang='lat' dir='ltr'> </span> 
     </span>
    </p>
   </div>
  </div>
 </body>
</html>
