2250 3500
291 137 390 188 168
888 136 1259 188 ἭΡοΔοωοτ
1786 131 1888 201 [11.

291 217 480 280 ἄδειάν
502 243 566 279 τε
595 215 817 279 διδόντα
852 218 944 277 καὶ
978 217 1205 300 μεγάλα
1235 214 1644 294 ύποδεκόμενον
1672 215 1895 277 ἐλθόντι

293 311 349 369 ἐς
373 305 504 385 ὄψιν
527 305 630 382 τήν
659 309 879 366 ἑωυτοῦ·
905 305 1004 366 τὸν
1024 306 1084 365 δὲ
1106 309 1270 382 φῶρα
1296 304 1682 365 πιστεύσαντα
1710 305 1896 364 ἐλθεῖν

289 392 433 470 πρὸς
465 392 650 453 αὐτόν·
691 392 1056 472 Ῥαμψίνιτον
1088 393 1149 452 δὲ
1178 392 1437 474 μεγάλως
1464 391 1774 468 θωυμάσαι,
1803 391 1902 452 καί

293 483 348 539 οἱ
372 481 476 558 τήν
503 473 780 563 θυγατέρα
805 481 1012 558 ταύτην
1039 480 1358 542 συνοικίσαι
1393 503 1465 543 ως
1496 483 1807 539 πλεῖστα’
1780 505 1895 539 επι-

293 593 552 649 σταμενῳ
581 569 898 647 ἀνθρώπων·
937 569 1275 650 Αἰγυπτίους
1300 592 1405 645 μεν
1427 565 1541 648 γοῖρ
1566 569 1678 627 τῶν
1702 565 1896 628 ἄλλων

295 658 713 735 προκεκρίσθαι,
742 661 948 717 ἐκεῖνον
977 656 1036 716 δὲ
1060 656 1397 737 Αἰγυπτίων.

203 746 319 804 122
377 745 540 806 Μετοῖ
573 745 634 805 δὲ
661 749 840 805 ταῦτα
871 745 1069 825 ἔλεγον
1100 748 1301 804 τοῦτον
1330 742 1431 804 τᾶν
1456 742 1723 818 βασιλῆα
1756 739 1899 813 ζωόν

298 835 612 910 καταβῆναι
644 831 790 893 κάτω
817 836 872 895 ἐς
900 831 1000 892 τόν
1027 835 1082 892 οἱ
1107 831 1389 907 Ἕλληνες
1420 830 1579 906 ἀΐδην
1604 829 1897 907 νομίζουσι

301 921 455 994 εἶναι,
486 920 578 979 καὶ
604 921 745 980 κεῖθι
771 919 1143 1000 συγκυβεύειν
1166 921 1240 997 τῇ
1268 918 1546 996 Δήμητρι·
1580 917 1673 977 καὶ
1695 916 1769 977 τοὶ
1793 917 1899 994 μὲν

256 1022 260 1026 ’
299 1012 457 1068 νικᾶν
496 1005 685 1082 αὐτὴν,
727 1007 800 1067 τὰ
843 1007 905 1066 δὲ
947 1007 1265 1067 ἑσσοῦσθαι
1305 1005 1398 1066 ὕπ’
1439 1005 1627 1080 αὐτῆς·
1669 1003 1769 1063 καί
1799 1029 1899 1082 μιν

298 1095 473 1156 πάλιν
503 1093 614 1155 ἅνω
644 1093 947 1155 ἀπικέσθαι
981 1094 1158 1171 δῶρον
1190 1095 1394 1174 ἔχοντα
1427 1091 1559 1170 παρ’
1587 1090 1755 1168 αὐτῆς
1784 1116 1898 1171 χει·

296 1180 614 1260 ρόμακτρον
637 1181 901 1261 χρύσεον.
971 1181 1084 1242 άπὸ
1118 1181 1180 1241 δέ
1209 1185 1312 1256 τῆς
1335 1179 1701 1258 Ῥαμψινίτου
1734 1203 1899 1238 κατα-

298 1269 525 1346 βάσιος,
561 1270 633 1334 ὥς
663 1270 838 1344 πάλιν
877 1269 1128 1340 α’πίκετο,
1160 1269 1333 1347 ὁρτὴν
1363 1267 1431 1344 δὴ
1473 1266 1699 1349 ἀνάγειν
1729 1271 1899 1348 Αἰγυ-

299 1357 492 1423 πτίους
533 1360 773 1436 ἔφασαν·
826 1357 932 1435 τὴν
980 1357 1074 1417 καὶ
1113 1356 1223 1438 ἐγῶ
1266 1355 1391 1416 οἶδα
1436 1355 1517 1415 ἔτι
1563 1355 1655 1414 καὶ
1701 1360 1757 1419 ἐς
1801 1356 1902 1430 ἐμὲ

304 1446 688 1512 ἐπιτελέοντας
713 1446 927 1517 αύτούς,
955 1445 1022 1506 ού
1057 1443 1253 1523 μέντοι
1283 1445 1392 1506 εἴτε
1424 1442 1491 1503 δι’
1517 1441 1669 1502 ἄλλο
1696 1468 1753 1503 τι
1792 1442 1901 1502 εἴτε

303 1534 395 1593 διὰ
413 1540 588 1596 ταῦτα
615 1533 913 1612 ὁρτάζουσι
939 1535 1047 1613 ἔχω
1071 1532 1278 1613 λέγειν·
1307 1534 1492 1609 φᾶρος
1511 1530 1570 1589 δὲ
1588 1528 1902 1606 αὖτημερὸν

304 1621 672 1700 ἐξυφήναντες
715 1625 770 1681 οἱ
817 1620 973 1699 ἶρέες,
1018 1618 1137 1679 κατ’
1182 1618 1257 1679 ὦν
1304 1619 1510 1693 ἔδησαν
1556 1616 1676 1681 {vas
1721 1616 1903 1678 αὐτῶν

301 1709 470 1787 μίτρῃ
493 1708 624 1772 τούς
653 1707 1005 1786 ὀφθαλμούς·
1047 1705 1352 1788 ἀγαγόντες
1384 1706 1445 1767 δέ
1474 1731 1573 1785 μιν
1601 1706 1800 1786 ἔχοντα
1830 1706 1899 1767 τό

305 1801 486 1874 φᾶρος
526 1801 581 1860 ἐς
625 1795 754 1856 ὁδὸν
797 1797 1083 1873 φέρουσαν
1125 1800 1182 1858 ἐς
1225 1796 1346 1873 ἱρᾶν
1387 1795 1701 1873 Δήμητρος,
1742 1793 1899 1855 αὐτοὶ

304 1881 779 1944 ἀπαλλάσσονται
814 1883 1014 1944 ὀπίσω·
1054 1882 1157 1944 τόν
1192 1883 1251 1943 δὲ
1289 1882 1409 1960 ἶρέα
1442 1888 1640 1959 τοῦτον
1676 1882 1901 1942 καταδε-

307 1970 534 2049 δεμένον
577 1971 708 2036 τοῦς
755 1970 1089 2049 ὄφθαλμοῦς
1135 1970 1373 2052 λέγουσι
1416 1969 1527 2031 ὖπό
1576 1969 1673 2031 δύο
1720 1968 1903 2030 λύκων

308 2059 548 2142 ἄγεσθαι
585 2065 640 2125 ἐς
673 2060 741 2121 τό
780 2060 899 2139 ἶρόν
933 2063 1035 2137 τῆς
1073 2058 1392 2136 Δήμητρος,
1424 2056 1638 2139 α’πέχον
1666 2061 1768 2134 τῆς
1800 2055 1899 2117 πό-

305 2152 430 2213 λιος
462 2149 669 2210 ἐείκοσι
703 2149 980 2220 σταδίους,
1013 2148 1106 2207 καὶ
1138 2146 1292 2209 αὖτις
1321 2146 1504 2206 ὀπίσω
1538 2151 1600 2206 ἐκ
1638 2150 1740 2207 τοῦ
1780 2146 1902 2219 ἶροῦ

215 2239 327 2297 123
347 2236 590 2346 (ἐπάγειν
619 2262 719 2314 μιν
746 2234 877 2300 τοῦς
909 2236 1113 2299 λύκους
1146 2239 1202 2297 ἐς
1230 2232 1405 2293 τῶυτὸ
1435 2233 1660 2313 χωρίον.
1734 2236 1903 2293 Τοῖσι

305 2323 410 2402 μέν
435 2350 532 2384 νυν
555 2324 649 2383 ὕπ’
676 2323 992 2405 Αἰγυπτίων
1018 2321 1379 2403 λεγομένοισι
1401 2319 1702 2401 χράσθω
1668 2346 1805 2399 οτεῳ
1830 2320 1904 2380 τοὶ

305 2414 535 2472 τοιαῦτα
559 2410 819 2471 πιθανά’
793 2436 935 2470 εστι·
977 2410 1102 2487 ἐμοὶ
1130 2410 1189 2469 δὲ
1214 2408 1368 2487 παρὰ
1392 2406 1575 2468 πάντα
1600 2406 1701 2468 τόν
1724 2406 1905 2489 λόγον

307 2496 608 2568 υπόκειται,
637 2497 723 2557 ὅτι
746 2523 819 2557 τα
849 2495 1131 2578 λεγόμενα
1160 2496 1300 2575 ὑπὲρ
1326 2495 1575 2556 εκάστων
1600 2494 1744 2573 ἀκοῇ
1767 2492 1904 2577 γρά-

310 2592 420 2664 φω.
487 2584 877 2667 α’ρχηγετεύειν
912 2585 973 2644 δὲ
1006 2589 1118 2645 τῶν
1154 2583 1299 2644 κάτω
1334 2583 1631 2664 Αιγύπτιοι
1665 2581 1905 2663 λέγουσι

310 2674 584 2753 Δήμητρα
625 2674 717 2734 καὶ
757 2673 1052 2735 Διόνυσον.
1125 2676 1335 2749 πρῶτοι
1376 2670 1436 2729 δὲ
1476 2668 1569 2729 καὶ
1608 2668 1767 2729 τόνδε
1804 2669 1907 2730 τᾶν

307 2762 484 2845 λόγον
502 2762 803 2846 Αἰγύπτιοί
825 2766 934 2822 εἶσι
961 2764 1015 2822 οἱ
1042 2760 1305 2824 εἰπόντες·
1338 2757 1409 2822 ὥς
1434 2756 1727 2835 ανθρώπου
1746 2756 1904 2837 ψυχή

309 2850 582 2915 αθάνατός
628 2856 767 2923 ἐστι,
809 2854 910 2911 τοῦ
956 2848 1218 2926 σώματος
1262 2848 1322 2906 δὲ
1369 2844 1810 2922 καταφθίνοντος
1850 2850 1907 2909 ἐς

310 2937 460 2997 ἄλλο
495 2940 634 3010 ζῶον
669 2940 776 2998 αἰεὶ
809 2936 1102 3021 γινόμενον
1140 2934 1412 2995 ἐσδύεται·
1456 2932 1624 2993 ἐπεοὶν
1659 2932 1720 2993 δὲ
1753 2956 1904 3011 περι-

311 3024 450 3103 έλθῃ
491 3025 672 3085 πάντα
711 3024 786 3086 τοὶ
829 3027 1072 3105 χερσαῖα
1113 3023 1206 3081 καὶ
1244 3021 1317 3082 τοὶ
1364 3020 1661 3083 θαλάσσια
1701 3021 1795 3080 καὶ
1832 3045 1907 3080 τα

309 3136 549 3182 πετεινα,
572 3138 724 3176 αυτις
749 3118 803 3177 ἐς
823 3110 1119 3189 οἷνθρῶπου
1140 3112 1305 3186 σῶμα
1322 3107 1617 3191 γινόμενον
1637 3107 1907 3170 ἐσδύνειν·

309 3194 414 3269 τὴν
455 3199 790 3275 περιήλυσιν
837 3198 896 3258 δὲ
942 3196 1084 3274 αὐτῇ
1127 3196 1386 3277 γίνεσθαι
1432 3200 1492 3257 ἐν
1529 3197 1909 3276 τρισχιλίοισι

311 3278 481 3338 ἔτεσι.
547 3284 722 3363 τούτῳ
744 3289 822 3364 τῷ
846 3284 1000 3365 λόγῳ
1026 3283 1139 3343 εἶσὶ
1168 3282 1225 3343 οἳ
1251 3281 1543 3362 Ἑλλήνων
1568 3283 1907 3378 ἐχρήσαντο,
