2250 3500
322 112 417 158 352
950 111 1316 160 ·HP0A010‘r
1793 110 1918 174 [IV.

320 188 614 266 ἀπήμονας
644 191 1030 250 ἀποστελέειν·
1072 192 1404 268 πειθομένου
1431 191 1490 250 δὲ
1515 197 1616 250 τοῦ
1651 191 1926 267 Ἰήσονος,

322 278 462 338 οὕτω
493 278 560 353 δή
587 278 686 338 τόν
712 305 773 338 τε
795 280 1092 338 διέκπλοον
1116 284 1227 339 τῶν
1252 280 1514 358 βραχέων
1535 280 1807 340 δεικνύναι
1824 281 1924 344 τὸν

319 366 566 442 Τρίτωνά
606 373 736 443 σφι,
765 367 857 426 καὶ
896 367 997 426 τᾶν
1034 368 1272 444 τρίποδα
1309 369 1486 426 θεῖναι
1517 372 1576 427 ἐν
1607 372 1685 446 τῷ
1721 369 1924 430 ἑωυτοῦ

324 457 437 532 ἱρῷ,
504 453 951 514 ἐπιθεσπίσαντά
988 480 1051 514 τε
1092 458 1169 532 τῷ
1213 454 1435 531 τρίποδι
1481 456 1574 513 καὶ
1613 459 1767 514 τοῖσι
1813 457 1923 519 σῦν

316 539 532 616 Ἰήσονι
574 540 904 620 σημῄναντα
934 541 1035 601 τὸν
1066 541 1251 610 πάντα
1282 541 1475 622 λόγον,
1517 541 1588 605 ὥς
1619 544 1786 603 ἐπεοὶν
1821 546 1924 606 τᾶν

316 630 555 706 τρίποδα
584 631 883 706 κομίσηται
908 633 1017 689 τῶν
1044 629 1280 710 ἐκγόνων
1305 656 1390 692 τις
1412 634 1522 689 τῶν
1547 635 1606 690 ἐν
1624 634 1696 708 τῇ
1722 631 1924 713 Ἀργοῖ

317 719 739 794 συμπλεόντων,
770 716 899 778 τότε
934 718 1127 777 ἒκατόν
1159 717 1362 781 πόλιας
1395 721 1623 792 οἰκῆσαι
1657 720 1786 794 περὶ
1815 747 1922 796 την

315 807 619 881 Τριτωνίδα
652 807 857 882 λίμνην
886 805 1219 915 Ελλῃνίδας
1249 809 1444 864 πᾶσαν
1477 805 1687 864 εἶναι’
1651 806 1917 886 ανάγκην·

313 898 490 952 ταῦτα
542 893 891 957 ἀκούσαντας
952 919 1083 956 τους
1147 895 1470 970 ἐπιχωρίους
1526 919 1636 953 των
1685 894 1920 970 Λιβύων

316 980 521 1058 κρύψαι
545 982 643 1041 τὸν
667 983 921 1058 τρίποδα.

227 1071 336 1126 180
440 1068 665 1128 Τούτων
692 1069 752 1127 δὲ
780 1070 1001 1147 ἔχονται
1026 1074 1139 1128 τῶν
1165 1067 1454 1148 Μαχλύων
1481 1067 1705 1132 Αὖσεῖς.
1761 1069 1916 1132 οὗτοι

315 1155 373 1214 δὲ
424 1156 516 1214 καὶ
570 1159 624 1214 οἱ
667 1155 939 1235 Μάχλυες
985 1157 1151 1234 πέριξ
1199 1156 1304 1232 τήν
1355 1157 1668 1232 Τριτωνίδα
1709 1159 1916 1235 λίμνην

314 1244 577 1302 οἰκέουσι·
623 1242 690 1303 τό
738 1245 918 1320 μέσον
966 1244 1029 1322 δέ
1067 1251 1182 1320 σφι
1226 1242 1427 1320 οὐρίζει
1469 1241 1500 1302 ὁ
1541 1244 1770 1321 Τρίτων·
1820 1248 1915 1306 καὶ

314 1335 367 1390 οἶ
409 1334 513 1409 μὲν
554 1332 826 1410 Μάχλυες
864 1331 937 1391 τὰ
982 1331 1166 1391 ὀπίσω
1204 1331 1471 1407 κομέουσι
1500 1335 1605 1406 τῆς
1640 1338 1912 1409 κεφαλῆς,

314 1423 366 1478 οἱ
408 1421 467 1478 δὲ
509 1425 717 1483 Αυσεῖς
746 1419 817 1480 τοὶ
854 1421 1158 1497 ἔμπροσθε·
1201 1419 1339 1496 ὁρτῇ
1377 1418 1436 1476 δὲ
1470 1420 1718 1498 ἐνιαυσίῃ
1743 1419 1914 1498 Ἀθη-

314 1510 467 1583 ναίης
509 1512 566 1567 αῖ
606 1508 873 1585 παρθένοι
914 1507 1092 1566 αὖτων
1128 1507 1260 1616 δίχα
1297 1506 1601 1565 διαστᾶσαι
1631 1506 1914 1586 μάχονται

311 1595 452 1670 πρὸς
491 1595 751 1671 ἀλλήλας
782 1595 1005 1655 λίθοισί
1033 1621 1095 1654 τε
1129 1595 1220 1653 καὶ
1253 1592 1493 1663 ξύλοισι,
1526 1597 1597 1672 τῇ
1635 1593 1916 1676 αὐθιγενέῖ

312 1682 418 1761 θεῷ
450 1685 723 1763 λέγουσαι
757 1710 830 1741 τα
860 1681 1067 1759 πάτρια
1102 1681 1442 1751 ἀποτελέειν,
1469 1681 1572 1757 Τῆν
1608 1680 1914 1761 Ἀθηναίην

311 1772 603 1846 καλέομεν·
669 1770 770 1831 τὰς
824 1770 883 1827 δὲ
946 1768 1414 1845 ἀποθνησκούσας
1462 1773 1572 1829 τῶν
1623 1772 1914 1846 παρθένων

309 1861 370 1914 ἐκ
411 1862 520 1915 τῶν
564 1856 865 1934 τρωμάτων
907 1857 1388 1934 ψευδοπαρθένους
1428 1858 1716 1915 καλέουσι·
1776 1861 1914 1936 πρὶν

309 1944 369 2003 δὲ
422 1943 632 2004 οἷνεῖναι
686 1944 859 2009 αὐτοῖς
908 1943 1214 2023 μάχεσθαι,
1261 1944 1394 2004 τάδε
1444 1948 1687 2003 ποιεῦσι·
1750 1951 1914 2026 κοινῇ

306 2034 583 2111 παρθένον
612 2033 717 2109 τήν
759 2031 1244 2092 καλλιστεύουσαν
1275 2032 1542 2091 ἑκάστοτε
1583 2032 1910 2108 κοσμήσαν-

305 2145 396 2184 τες
432 2125 567 2200 κυνῇ
599 2147 661 2181 τε
701 2121 973 2198 Κορινθίῃ
1012 2120 1103 2178 καὶ
1139 2121 1427 2198 πανοπλίῃ
1461 2118 1786 2197 Ἑλληνικῇ,
1818 2122 1911 2180 καὶ

306 2207 391 2266 ἐπ’
438 2208 591 2285 ἅρμα
638 2207 1112 2284 ἀναβιβάσαντες,
1159 2207 1496 2287 περιάγουσι
1546 2206 1650 2281 τὴν
1702 2208 1910 2283 λίμνην

305 2296 507 2373 κύκλῳ·
537 2296 749 2355 ὁτέοισι
776 2296 834 2354 δὲ
859 2295 925 2354 τὸ
954 2294 1133 2353 πάλαι
1161 2294 1434 2370 ἐκόσμεον
1458 2293 1558 2355 τοὶς
1584 2294 1910 2370 παρθένους,

303 2384 436 2458 πρὶν
466 2381 505 2457 ἥ
538 2388 649 2457 σφι
674 2382 963 2457 ε’Έλληνας
987 2383 1440 2459 παροικισθῆναι,
1471 2380 1570 2439 οὐκ
1599 2382 1706 2459 ἔχω
1735 2381 1907 2440 εἶπαι·

306 2470 474 2527 δοκέω
509 2468 555 2527 δ’
588 2468 661 2528 ὧν
695 2470 1055 2549 Αἰγυπτίοισι
1081 2468 1317 2529 ὅπλοισι
1343 2470 1690 2545 κοσμέεσθαι
1716 2467 1907 2531 αὐτάς·

303 2555 416 2616 ‹in-6
455 2556 565 2636 γὰρ
601 2555 889 2637 Αἰγύπτου
930 2557 1022 2614 καὶ
1066 2556 1172 2631 τὴν
1215 2555 1430 2616 οἷσπίδα
1475 2556 1568 2613 καὶ
1601 2553 1667 2613 τό
1707 2554 1907 2631 κράνος

304 2645 453 2721 φημι
494 2643 732 2723 α’,πῖχθαι
772 2649 826 2705 ἐς
856 2668 985 2706 τους
1012 2643 1322 2720 Ἔλλ·ηνας
1363 2641 1468 2717 τὴν
1501 2642 1560 2701 δὲ
1599 2640 1908 2717 Ἀθηναίην

304 2735 453 2819 φασὶ
513 2731 893 2794 Ποσειδέωνος
946 2731 1084 2791 ειναι
1118 2731 1416 2811 θυγατέρα
1467 2730 1561 2787 καὶ
1618 2732 1718 2803 τῆς
1779 2733 1905 2805 Τρι-

299 2815 524 2883 τωνίδος
556 2822 783 2930 λίμνῃς·
825 2820 923 2877 καί
960 2837 1059 2895 μιν
1096 2796 1462 2894 μεμφθεῖσάν
1501 2840 1556 2875 τι
1595 2819 1673 2893 τῶ
1711 2816 1901 2892 πατρὶ,

300 2906 492 2966 δοῦναι
547 2906 750 2981 ἑωυτην
800 2910 879 2984 τῷ
932 2906 1045 2964 Διΐ·
1111 2904 1212 2965 τόν
1267 2904 1326 2962 δὲ
1380 2902 1494 2963 Δία
1547 2904 1749 2961 εωυτοῦ
1807 2926 1904 2977 μιν

298 2991 653 3101 ποιήσασθαι
694 2992 990 3072 θυγατέρα.
1062 2972 1238 3050 ταῦτα
1269 2992 1382 3067 μὲν
1421 2988 1680 3070 λέγουσι.
1751 2988 1909 3064 μίξιν.

300 3074 359 3132 δὲ
405 3079 680 3137 ἐπίκοινον
724 3083 835 3137 τῶν
878 3083 1177 3186 γυναικῶν
1195 3078 1495 3146 ποιέονται,
1543 3073 1672 3135 οὔτε
1719 3099 1902 3135 συνοι-

304 3160 517 3221 κέοντες
558 3163 825 3237 κτηνηδόν
864 3190 925 3222 τε
963 3162 1321 3244 μισγόμενοι·
1379 3162 1568 3227 ἐπεαν
1588 3162 1647 3221 δὲ
1685 3160 1902 3241 γυναικὶ

293 3240 361 3297 τό
402 3244 621 3303 παιδίον
660 3246 831 3323 οἷδρον
867 3252 1113 3328 γένηται,
1159 3251 1576 3325 συμφοιτέουσι
1623 3254 1678 3312 ἐς
1722 3273 1899 3309 τωυτο
