2250 3500
338 107 557 173 61--64J
1012 108 1280 157 OAAEIA.
1832 104 1930 163 231

332 188 629 249 τεθνεῶτες
668 184 989 255 α’νεστέασι,
1014 184 1326 261 προσδέκεό
1360 210 1452 245 τοι
1489 184 1582 244 καὶ
1613 180 1936 263 Ἀστυάγεα

334 275 437 335 τᾶν
466 273 670 350 Μῆδον
702 273 1220 348 ἐπαναστήσεσθαι·
1264 276 1313 331 εἰ
1347 271 1393 331 δ’
1429 272 1552 331 ἔστι
1591 270 1781 348 ὥσπερ
1824 270 1935 348 πρδ

344 367 455 433 τοῦ,
486 362 550 422 οὗ
588 362 671 439 μή
710 388 766 421 τι
805 387 895 421 τοι
931 361 993 419 ἔκ
1033 386 1101 442 γε
1143 360 1350 419 ἐκείνου
1389 358 1651 437 νεώτερον
1681 359 1934 434 σῖναβλα-

338 450 563 526 στήσει.
646 454 743 510 νῦν
801 448 875 509 ὦν
932 474 1051 525 μοι,
1094 448 1288 519 δοκέει,
1342 446 1782 524 μεταδιώξαντας
1835 446 1936 507 τᾶν

340 538 551 614 κήρυκα
586 537 855 608 ἐξετάζειν
890 538 1242 613 εἰρωτεῦντας
1270 532 1399 612 παρ’
1426 532 1552 593 ὅτευ
1587 532 1734 609 ἥκων
1764 560 1935 610 προα·

338 624 557 707 γορεύει
595 624 759 702 ημῖν
754 624 1043 702 Σμέρδιος
1079 624 1361 700 βασιλέος
1405 620 1688 690 ἅκούειν;”
1749 627 1937 682 Ταῦτα
1955 623 2030 683 63

341 714 595 777 εἴπαντος
626 710 1085 790 Πρηξάσπεος,”
1046 737 1219 788 ηρεσε
1252 710 1364 793 γοὶρ
1402 708 1716 789 Καμβύσῃ,
1745 708 1939 769 αὐτίκα

296 812 304 821 ’
339 801 707 877 μεταδίωκτος
744 799 1041 882 γενόμενος
1078 798 1113 861 ὅ
1155 797 1402 877 κῆρυξ
1363 824 1485 875 ηκε·
1532 798 1838 879 ἀπιγμένον
1878 798 1943 857 δέ

341 914 439 963 μιν
472 889 651 965 εἴρετο
686 914 719 949 ο
747 888 1099 965 Πρηξάσπης
1132 887 1283 946 τάδε·
1325 898 1360 923 “
1377 885 1651 964 ωνθρωπε,
1681 886 1796 965 φῂς
1828 912 1938 968 γαρ

341 974 495 1050 ἥκειν
539 975 693 1053 παρὰ
734 976 1004 1053 Σμέρδιος
1046 978 1147 1035 τοῦ
1196 974 1386 1052 Κύρου
1427 973 1684 1056 ἅγγελος,
1726 978 1826 1035 νῦν
1865 972 1940 1035 ὦν

344 1064 502 1127 εἴπας
526 1064 631 1139 τήν
664 1063 941 1140 ἅληθηιην
970 1060 1133 1123 ἄπιθι
1164 1064 1392 1142 χαίρων·
1433 1061 1634 1141 κότερα
1660 1060 1827 1126 αύτός
1849 1088 1940 1122 τοι

344 1152 581 1228 Σμέρδις
608 1151 995 1229 φαινόμενος’
969 1176 1023 1214 ες
1048 1149 1181 1227 ὄψιν
1207 1152 1526 1211 ἐνετέλλετο
1552 1155 1742 1219 ταῦτα,
1769 1148 1806 1227 ἢ
1831 1154 1944 1211 τῶν

342 1264 427 1303 τις
470 1240 677 1299 ἐκείνου
717 1238 1061 1316 ύπηρετέων·
1048 1284 1065 1308 ,
1151 1238 1184 1299 ὁ
1225 1239 1286 1298 δὲ
1325 1238 1464 1298 εἶπε·
1514 1236 1664 1318 “ε’γω
1704 1238 1942 1315 Σμέρδιν

343 1330 447 1403 μὲν
470 1353 573 1389 τον
604 1326 814 1405 Κύρου,
842 1326 960 1396 ἐξ
928 1352 1059 1387 οτου
1085 1323 1367 1402 βασιλευς
1407 1324 1732 1402 Καμβύσης
1756 1324 1942 1400 ἤλασε

346 1420 402 1478 ἐς
442 1416 744 1497 Αἴγυπτον,
786 1413 851 1475 οὔ
891 1440 969 1474 κω
1008 1439 1228 1474 οπωπα·
1275 1412 1308 1472 ὅ
1349 1413 1412 1473 δέ
1447 1438 1546 1489 μοι
1585 1411 1802 1493 Μάγος,
1842 1437 1941 1473 τον

346 1502 673 1580 Καμβύσης
725 1504 1026 1579 ἐπίτροπον
1076 1505 1189 1561 τῶν
1245 1501 1430 1561 οῑκιων
1482 1499 1726 1569 απέδεξε,
1783 1497 1942 1563 οὗτος

343 1594 521 1650 ταῦτα
548 1591 879 1662 ἐνετείλατο,
907 1589 1022 1665 φοὶς
1058 1588 1298 1667 Σμέρδιν
1329 1586 1430 1649 τδν
1463 1587 1653 1665 Κύρου
1681 1586 1820 1649 εἶναι
1842 1587 1943 1649 τᾶν

344 1681 521 1737 ταῦτα
548 1679 875 1756 ἐπιθέμενον
900 1677 1052 1737 εἶπαι
1075 1677 1219 1756 πρός
1245 1674 1467 1755 ύμέας.”
1546 1674 1580 1736 ὅ
1605 1678 1710 1754 μὲν
1733 1675 1804 1754 δή
1830 1684 1944 1754 σφι

348 1767 507 1846 ἔλεγε
539 1766 699 1827 οὐδὲν
738 1765 1293 1844 ἐπικατεψευσμένος·
1335 1764 1661 1843 Καμβύσης
1700 1766 1760 1825 δὲ
1799 1766 1937 1827 εἶπε·

348 1864 386 1890 “
401 1855 761 1932 Πρήξασπες,
798 1853 875 1914 σύ
910 1857 1015 1931 μὲν
1049 1855 1143 1915 οἶα
1177 1853 1320 1931 σῖνήρ
1355 1852 1565 1934 οἷγαθός
1595 1854 1838 1931 ποιήσας
1875 1853 1944 1916 τό

322 1942 714 2020 «κελευόμενον
752 1943 933 2018 αἰτίην
973 1943 1337 2022 ἐκπέφευγας·
1381 1942 1505 2018 ἐμοὶ
1539 1941 1600 2000 δὲ
1632 1943 1717 2005 τίς
1756 1941 1825 2002 ἂν
1859 1944 1943 2018 εἴη

350 2030 621 2107 Περσέων
659 2029 693 2092 ὅ
716 2030 1092 2102 ἐπανεστεὼς,
1132 2029 1479 2104 ἐπιβατεύων
1529 2031 1631 2088 τοῦ
1677 2029 1944 2105 Σμέρδιος

349 2117 653 2195 οὐνόματος
668 2117 719 2188 ;”
759 2117 792 2178 ὁ
819 2118 879 2177 δὲ
907 2117 1044 2176 εἶπε·
1086 2126 1123 2153 “
1141 2116 1250 2198 ἐγώ
1278 2141 1379 2193 μοι
1411 2114 1582 2174 δοκέω
1608 2115 1854 2176 συνιέναι
1877 2117 1944 2176 τό

346 2205 579 2286 γεγονὸς
628 2209 815 2276 τοῦτο,
856 2203 899 2264 ὦ
937 2206 1207 2281 βασιλεῦ·
1276 2206 1330 2264 οἶ
1369 2203 1566 2284 Μάγοι
1610 2205 1725 2263 εἰσί
1764 2229 1852 2263 τοι
1891 2207 1947 2265 οἱ

349 2297 769 2364 ἐπανεστεῶτες,
794 2293 895 2357 τόν
924 2319 989 2354 τε
1024 2294 1211 2355 ἔλιπες
1246 2290 1559 2369 μελεδωνὸν
1597 2296 1706 2352 τῶν
1746 2292 1944 2363 οἰκίων,

352 2382 703 2458 Πατιζείθης,
732 2382 825 2441 καὶ
852 2381 885 2441 ὁ
908 2379 1109 2441 τούτου
1145 2379 1422 2457 ἀδελφεός
1458 2379 1747 2458 Σμέρδις.”
1825 2379 1945 2442 Ἐν·
1965 2383 2040 2442 64

350 2469 531 2528 θαῦτα
580 2468 903 2529 ἀκούσαντα
954 2468 1282 2546 Καμβύσεα
1323 2469 1391 2529 τὰ
1432 2469 1700 2546 Σμέρδιος
1739 2469 1949 2549 οὔνομα

352 2555 518 2633 ἔτυψε
540 2555 579 2632 ἦ
605 2556 851 2634 ἅληθηΐη
875 2561 986 2617 τῶν
1010 2582 1074 2616 τε
1104 2556 1291 2639 λόγων
1327 2557 1418 2616 καὶ
1442 2561 1542 2617 τοῦ
1576 2559 1846 2618 ἐνυπνίου·
1887 2558 1950 2622 ὃς

352 2640 535 2703 ἐδόκεε
561 2648 620 2703 ἐν
658 2647 735 2723 τῷ
771 2643 923 2724 ὕπνῳ
962 2643 1309 2726 ἀπαγγεῖλαί
1339 2644 1463 2704 τινά
1505 2647 1576 2714 οἱ,
1608 2644 1680 2707 ὥς
1716 2645 1953 2723 Σμέρδις

354 2729 603 2808 ἱζόμενος
630 2736 686 2795 ἐς
710 2731 810 2792 τόν
828 2731 1140 2808 βασιλήϊον
1163 2731 1361 2809 θρόνον
1380 2731 1617 2810 ψαύσειε
1633 2734 1706 2808 τῇ
1724 2735 1950 2810 κεφαλῇ

355 2820 457 2877 τοῦ
498 2817 753 2895 ούρανοῦ·
793 2818 987 2896 μαθών
1026 2819 1087 2878 δὲ
1128 2819 1200 2882 ὥς
1236 2818 1420 2896 μάτην
1459 2817 1829 2882 ἀπολωλεκώς
1867 2820 1952 2895 εἴη

350 2905 452 2966 τὸν
476 2905 775 2982 οἶδελφεόν,
804 2906 1075 2967 ἀπέκλαιε
1102 2905 1358 2984 Σμέρδιν,
1381 2903 1748 2970 ἀποκλαύσας
1773 2907 1834 2966 δὲ
1861 2907 1953 2966 καὶ

352 2992 802 3071 περιημεκτήσας
834 2999 907 3073 τῇ
940 2993 1138 3074 ἁπάσῃ
1174 2996 1446 3072 συμφορῇ
1483 2992 1830 3070 ἀναθρώσκει
1861 2993 1954 3054 ἐπὶ

351 3081 453 3142 τόν
508 3083 697 3152 ἵππον,
746 3087 806 3142 ἐν
851 3081 959 3161 νόῳ
1006 3085 1147 3161 ἔχων
1191 3081 1295 3156 τὴν
1348 3082 1625 3160 ταχίστην
1664 3087 1720 3144 ἐς
1760 3083 1956 3146 Σοῦσα

352 3170 765 3246 στρατεύεσθαι
798 3171 893 3229 ἐπὶ
913 3169 1013 3230 τὸν
1048 3169 1273 3251 Μάγον·
1315 3169 1412 3227 καί
1447 3171 1501 3228 οἱ
1541 3168 1956 3247 ἀναθρώσκοντι

356 3257 467 3323 ἐπὶ,
499 3256 601 3317 τᾶν
652 3257 841 3326 ἵππον,
887 3261 991 3316 τοῦ
1038 3259 1274 3317 κουλεοῦ
1318 3259 1421 3316 τοῦ
1467 3255 1660 3333 ξίφεος
1706 3256 1740 3318 ὅ
1779 3258 1958 3337 μύκης
