2250 3500
356 181 420 230 38
969 177 1337 228 ἮνοΔοτοτ
1884 179 1959 246 [1.

357 257 451 317 καὶ
475 255 512 318 ὅ
538 258 645 333 μὲν
666 259 842 318 ταῦτα
867 257 1131 335 φρονέων,
1160 257 1233 322 ὥς
1266 256 1496 319 ἀπίκετο
1522 261 1577 322 ἐς
1604 257 1708 323 τάς
1739 257 1960 336 Σάρδις,

357 345 568 423 ἔπεμπε
593 342 832 421 κήρυκας
863 346 1004 406 κατά
1028 345 1131 409 τάς
1156 345 1482 424 συμμαχίας
1511 347 1879 424 προερέοντας
1904 353 1961 413 ἐς

356 432 613 508 πέμπτον
635 436 788 510 μῆνα
818 435 1265 516 συλλέγεσθαι’
1238 460 1294 497 ες
1327 431 1543 510 Σάρδις,
1568 433 1671 494 τᾶν
1698 433 1762 494 δὲ
1790 459 1961 513 παρε-

356 519 492 580 όντα
511 521 604 580 καὶ
626 520 1020 600 μαχεσάμενον
1039 521 1287 599 στρατόν
1309 521 1643 600 Πέρσῃσι,“
1609 546 1671 585 ος
1694 521 1767 598 ἦν
1786 521 1961 584 ‹nh-08

355 607 600 680 ξεινικός,
619 608 803 670 πάντα
827 609 988 675 ἀπεὶς
1012 610 1357 679 διεσκέδασε,
1379 608 1595 686 οὐδαμοὶ
1615 610 1855 674 ἐλπίσας
1874 611 1961 689 μή

355 706 486 757 κοτε
523 695 632 775 ἄρα
670 696 1086 778 ἀγωνισάμενος
1132 723 1185 758 οι
1172 697 1276 758 ’τω
1320 698 1731 774 παραπλησίως
1770 702 1962 776 Κῦρος

355 785 552 846 ἐλάσει
577 785 668 847 ἐπὶ
695 785 917 862 Σάρδις.
1650 809 1655 814 ·

259 873 339 936 78
385 869 390 876 ’
436 876 624 932 Ταῦτα
664 873 1040 953 ἐπιλεγομένῳ
1079 873 1313 953 Κροίσῳ
1355 871 1429 934 era
1466 872 1805 950 προάστειον
1842 876 1960 936 πᾶν

353 960 532 1036 ὀφίων
585 958 926 1036 ἐνεπλήσθη·
982 961 1267 1037 φανέντων
1324 960 1385 1020 δὲ
1437 959 1631 1035 αὐτῶν,
1688 964 1743 1022 οἱ
1795 962 1961 1024 ἵπποι

354 1049 628 1125 μετιέντες
656 1046 756 1110 τάς
781 1047 955 1124 νομάς
985 1048 1253 1126 νέμεσθαι
1281 1049 1599 1124 φοιτέοντες
1629 1048 1958 1125 κατήσθιον.

356 1135 527 1197 ἰδόντι
561 1135 622 1194 δὲ
650 1140 818 1196 τοῦτο
855 1138 1102 1216 Κροίσῳ,
1140 1135 1329 1214 ὥσπερ
1366 1137 1460 1196 καὶ
1490 1135 1578 1212 ἦν,
1612 1137 1766 1207 ἔδοξε
1793 1137 1959 1216 τέρας

353 1223 514 1284 εἶναι·
565 1222 762 1283 αὐτίκα
793 1224 853 1284 δὲ
887 1225 1099 1301 ἔπεμπε
1140 1222 1487 1301 θεοπρόπους
1518 1229 1575 1288 ἐς
1606 1227 1719 1285 τῶν
1760 1225 1957 1307 ἐξηγη-

350 1311 490 1391 τέων
529 1312 930 1390 Τελμησσέων·
977 1311 1368 1389 ἀπικομένοισι
1414 1310 1475 1370 δὲ
1518 1315 1674 1372 τοῖσι
1721 1311 1957 1391 θεοπρό·

351 1425 530 1471 ποισι,
563 1400 656 1458 καὶ
693 1401 942 1478 μαθοῦσι
973 1400 1114 1478 πρός
1146 1400 1531 1476 Τελμησσέων
1562 1399 1631 1460 τὸ
1664 1400 1817 1460 θέλει
1853 1427 1958 1478 ση-

350 1489 565 1566 μαίνειν
587 1487 657 1548 τὸ
682 1488 860 1565 τέρας,
889 1487 994 1549 οὐκ
1023 1488 1303 1570 ἐξεγένετο
1335 1485 1567 1566 Κροίσῳ
1592 1486 1957 1569 ἀπαγγεῖλαι·

350 1576 483 1653 πρὶν
506 1575 618 1682 γάρ
643 1574 682 1651 ἢ
713 1574 897 1636 ὀπίσω
927 1571 1122 1652 σφέας
1145 1575 1480 1634 ἀναπλῶσαι
1516 1581 1571 1638 ἐς
1598 1575 1700 1639 τάς
1734 1576 1954 1664 Σάρδις,

351 1663 532 1740 ἥλω“
499 1690 532 1723 ο
561 1667 828 1740 Κροῖσος.
895 1662 1263 1740 Τελμησσέες
1286 1664 1391 1748 μέν
1415 1689 1503 1722 τοι
1526 1662 1659 1724 τάδε
1686 1658 1953 1745 ἔγνωσαν,

353 1775 598 1828 στρατον
631 1750 951 1829 ἀλλόθροον
990 1741 1374 1829 προσδόκιμον
1410 1751 1549 1811 εἶναι
1590 1755 1823 1833 Κροίσῳ
1863 1756 1957 1815 ἐπὶ

347 1838 452 1914 τὴν
495 1838 700 1917 χώρην,
741 1836 1078 1917 ἀπικόμενον
1116 1838 1179 1899 δὲ
1216 1843 1415 1900 τοῦτον
1462 1842 1957 1921 καταστρέψεσθαι

347 1950 478 1990 τους
531 1926 872 2006 ἐπιχωρίους·
925 1926 1188 2007 λέγοντες
1238 1924 1375 2004 ὅφιν
1422 1927 1560 1987 εἶναι
1604 1933 1711 2009 γῆς
1760 1930 1952 2002 παῖδα,

353 2014 525 2075 ἵππον
542 2014 603 2074 δὲ
626 2012 902 2092 πολέμιόν
919 2037 982 2074 τε
1010 2015 1102 2073 καὶ
1130 2014 1399 2090 ἐπήλυδα.
1459 2019 1827 2093 Τελμησσέες
1847 2020 1955 2095 μέν

352 2128 450 2165 νυν
485 2107 662 2165 ταῦτα
700 2102 1062 2181 ὑπεκρίναντο
1102 2104 1335 2183 Κροίσῳ
1363 2102 1473 2180 ἤδη
1502 2103 1761 2179 ἡλωκότι,
1794 2104 1957 2168 οὐδέν

357 2218 433 2253 κω
459 2192 660 2257 εἰδότες
681 2195 792 2252 τῶν
809 2191 881 2268 ἦν
898 2192 1026 2269 περὶ
1053 2190 1258 2269 Σάρδις
1278 2216 1343 2252 τε
1368 2190 1462 2251 καὶ
1488 2189 1659 2253 αὐτὸν
1678 2196 1961 2271 Κροῖσον.-

261 2280 336 2341 79
359 2279 366 2284 ’
438 2284 626 2357 Κῦρος
650 2280 726 2350 δὲ,
747 2278 943 2340 αὐτίκα
967 2278 1377 2342 ἀπελαύνοντος
1404 2279 1659 2356 Κροίσου
1682 2280 1826 2357 μετὰ
1848 2280 1953 2357 τήν

353 2367 542 2447 μάχην
569 2365 677 2443 τήν
701 2368 1002 2447 γενομένην
1034 2371 1095 2427 ἐν
1125 2369 1201 2444 τῇ
1233 2367 1463 2445 Πτερίῃ,
1489 2365 1684 2444 μαθών
1716 2367 1787 2432 ὥς
1818 2367 1955 2429 ἀπε·

353 2454 540 2518 λάσας
563 2454 770 2530 μέλλοι
794 2457 1047 2531 Κροῖσος
1078 2452 1377 2514 διασκεδᾶν
1398 2452 1501 2515 τᾶν
1525 2454 1785 2532 στρατόν,
1813 2457 1954 2532 βου-

351 2541 650 2619 λευόμενος
667 2540 886 2619 εὕρισκε
899 2540 1139 2623 πρῆγμά
1151 2544 1205 2601 οἶ
1222 2540 1362 2602 εἶναι
1378 2542 1626 2603 ἐλαύνειν
1640 2541 1712 2606 ὥς
1730 2542 1955 2604 δύναιτο

351 2627 596 2708 τάχιστα
619 2629 712 2689 ἐπὶ
729 2628 831 2693 τοὶς
850 2628 1068 2707 Σάρδις,
1083 2630 1217 2707 πρὶν
1230 2627 1269 2706 ἢ
1287 2629 1354 2690 τό
1376 2630 1630 2706 δεύτερον
1645 2629 1955 2706 ἁλισθῆναι

349 2720 460 2777 τῶν
488 2716 683 2778 Λυδῶν
710 2717 816 2794 τήν
848 2716 1096 2794 δύναμιν.
1179 2716 1252 2782 ὥς
1282 2717 1347 2777 δέ
1374 2720 1428 2777 οἱ
1457 2722 1633 2778 ταῦτα
1664 2716 1833 2788 ἔδοξε,
1860 2719 1956 2779 καὶ

352 2807 532 2866 ἐποίεε
561 2804 702 2866 κατὰ
737 2805 927 2885 τάχος·
968 2804 1181 2868 ἐλάσας
1210 2804 1321 2885 γάρ
1352 2804 1453 2866 τόν
1484 2803 1731 2881 στρατὸν
1765 2810 1822 2868 ἐς
1850 2805 1957 2881 τήν

350 2893 575 2969 Λυδίην,
603 2892 770 2956 αὖτὸς
799 2893 1040 2974 ἅγγελος
1076 2893 1311 2970 Κροίσῳ
1346 2889 1634 2966 ἐληλύθεε.
1716 2893 1955 2953 ἐνθαῦτα

352 2986 602 3057 Κροῖσος
633 2986 688 3045 ἐς
723 2979 961 3057 ἀπορίην
995 2978 1225 3052 πολλήν
1255 2976 1575 3057 ἀπιγμένος,
1602 2976 1675 3042 ὥς
1708 2982 1763 3039 οἶ
1801 2981 1957 3057 παρὰ

351 3066 520 3137 δόξαν
539 3070 674 3147 ἔσχε
698 3067 771 3128 τά
793 3067 1100 3147 πρήγματα
1125 3063 1163 3139 ἢ
1190 3064 1263 3127 ὥς
1288 3063 1455 3128 αὖτός
1480 3064 1781 3138 κατεδόκεε,
1803 3066 1955 3144 ὅμως

349 3153 481 3216 τούς
522 3154 738 3221 Λυδοῦς
780 3155 944 3234 ἐξῆγε
991 3156 1047 3214 ἐς
1090 3149 1299 3229 μάχην.
1380 3150 1451 3226 ἦν
1497 3152 1557 3213 δὲ
1602 3157 1803 3214 τοῦτον
1848 3151 1954 3215 τδν

350 3238 556 3317 χρόνον
595 3244 750 3305 ἔθνος
788 3240 946 3300 οὐδὲν
985 3243 1045 3298 ἐν
1081 3242 1155 3316 τῇ
1194 3237 1366 3316 Ἀσίῃ
1406 3237 1535 3299 οὔτε
1574 3238 1955 3317 ἀνδρειότερον

353 3321 483 3385 οὔτε
507 3322 887 3403 ἀλκιμώτερον
912 3327 1017 3384 τοῦ
1042 3324 1271 3384 Λυδίου·
1308 3324 1349 3399 ἠ
1380 3324 1441 3385 δέ
1472 3327 1629 3404 μάχη
1654 3325 1855 3401 σφέων
1882 3326 1959 3402 ἦν
