<?xml version="1.0" encoding="UTF-8"?>
<!DOCTYPE html PUBLIC "-//W3C//DTD XHTML 1.0 Transitional//EN"
    "http://www.w3.org/TR/xhtml1/DTD/xhtml1-transitional.dtd">
<html xmlns="http://www.w3.org/1999/xhtml" xml:lang="en" lang="en">
 <head>
  <title>
</title>
<meta http-equiv="Content-Type" content="text/html;charset=utf-8" />
  <meta name='ocr-system' content='tesseract 3.04.00' />
  <meta name='ocr-capabilities' content='ocr_page ocr_carea ocr_par ocr_line ocrx_word'/>
</head>
<body>
  <div class='ocr_page' id='page_1' title='image "./herodotus04blakgoog_0316.png"; bbox 0 0 2250 3500; ppageno 0'>
   <div class='ocr_carea' id='block_1_1' title="bbox 317 67 1921 134">
    <p class='ocr_par' dir='ltr' id='par_1_1' title="bbox 317 67 1921 134">
     <span class='ocr_line' id='line_1_1' title="bbox 317 67 1921 134; baseline 0.001 -12"><span class='ocrx_word' id='word_1_1' title='bbox 317 73 419 122; x_wconf 75' lang='lat'>294</span> <span class='ocrx_word' id='word_1_2' title='bbox 846 113 855 117; x_wconf 91' lang='lat'>-</span> <span class='ocrx_word' id='word_1_3' title='bbox 934 70 1300 121; x_wconf 72' lang='grc' dir='ltr'><strong>ΗΡΟΔΟΤΟΤ</strong></span> <span class='ocrx_word' id='word_1_4' title='bbox 1792 67 1921 134; x_wconf 56' lang='lat' dir='ltr'>[Tvz</span> 
     </span>
    </p>
   </div>
   <div class='ocr_carea' id='block_1_2' title="bbox 316 145 1925 315">
    <p class='ocr_par' dir='ltr' id='par_1_2' title="bbox 316 145 1925 315">
     <span class='ocr_line' id='line_1_2' title="bbox 316 145 1924 256; baseline -0.002 -48"><span class='ocrx_word' id='word_1_5' title='bbox 316 152 393 228; x_wconf 80' lang='grc' dir='ltr'>τῇ</span> <span class='ocrx_word' id='word_1_6' title='bbox 416 145 663 234; x_wconf 73' lang='grc' dir='ltr'>Εὖρῶπῃ</span> <span class='ocrx_word' id='word_1_7' title='bbox 687 147 988 209; x_wconf 78' lang='grc' dir='ltr'>ποιεύντων</span> <span class='ocrx_word' id='word_1_8' title='bbox 1012 149 1165 224; x_wconf 82' lang='grc' dir='ltr'>ἴσην·</span> <span class='ocrx_word' id='word_1_9' title='bbox 1193 152 1252 208; x_wconf 79' lang='grc' dir='ltr'>ἐν</span> <span class='ocrx_word' id='word_1_10' title='bbox 1277 147 1530 229; x_wconf 81' lang='grc' dir='ltr'>ὀλίγοισι</span> <span class='ocrx_word' id='word_1_11' title='bbox 1553 146 1666 228; x_wconf 84' lang='grc' dir='ltr'>γοῖρ</span> <span class='ocrx_word' id='word_1_12' title='bbox 1695 146 1803 256; x_wconf 79' lang='grc' dir='ltr'>ἔγω</span> <span class='ocrx_word' id='word_1_13' title='bbox 1830 147 1924 224; x_wconf 85' lang='grc' dir='ltr'>δη-</span> 
     </span>
     <span class='ocr_line' id='line_1_3' title="bbox 316 233 1925 315; baseline 0.001 -20"><span class='ocrx_word' id='word_1_14' title='bbox 316 235 486 295; x_wconf 76' lang='grc' dir='ltr'>λώσω</span> <span class='ocrx_word' id='word_1_15' title='bbox 523 234 773 315; x_wconf 88' lang='grc' dir='ltr'>μέγαθός</span> <span class='ocrx_word' id='word_1_16' title='bbox 802 260 866 295; x_wconf 89' lang='grc' dir='ltr'>τε</span> <span class='ocrx_word' id='word_1_17' title='bbox 898 234 1139 312; x_wconf 87' lang='grc' dir='ltr'>ἑκάστης</span> <span class='ocrx_word' id='word_1_18' title='bbox 1179 233 1400 305; x_wconf 73' lang='grc' dir='ltr'>αὐτέων,</span> <span class='ocrx_word' id='word_1_19' title='bbox 1429 235 1522 294; x_wconf 88' lang='grc' dir='ltr'>καὶ</span> <span class='ocrx_word' id='word_1_20' title='bbox 1557 235 1650 310; x_wconf 82' lang='grc' dir='ltr'>οἴη</span> <span class='ocrx_word' id='word_1_21' title='bbox 1688 236 1774 298; x_wconf 88' lang='grc' dir='ltr'>τίς</span> <span class='ocrx_word' id='word_1_22' title='bbox 1800 240 1925 296; x_wconf 79' lang='grc' dir='ltr'>ἔστι</span> 
     </span>
    </p>
   </div>
   <div class='ocr_carea' id='block_1_3' title="bbox 223 321 1938 3303">
    <p class='ocr_par' dir='ltr' id='par_1_3' title="bbox 319 321 884 402">
     <span class='ocr_line' id='line_1_4' title="bbox 319 321 884 402; baseline -0.004 -20"><span class='ocrx_word' id='word_1_23' title='bbox 319 327 375 386; x_wconf 78' lang='grc' dir='ltr'>ἐς</span> <span class='ocrx_word' id='word_1_24' title='bbox 398 321 682 402; x_wconf 64' lang='grc' dir='ltr'>γραφήν“</span> <span class='ocrx_word' id='word_1_25' title='bbox 656 321 884 399; x_wconf 86' lang='grc' dir='ltr'>εκάστη.</span> 
     </span>
    </p>

    <p class='ocr_par' dir='ltr' id='par_1_4' title="bbox 223 409 1926 925">
     <span class='ocr_line' id='line_1_5' title="bbox 223 409 1923 500; baseline -0.001 -28"><span class='ocrx_word' id='word_1_26' title='bbox 223 412 299 472; x_wconf 86' lang='grc'>37</span> <span class='ocrx_word' id='word_1_27' title='bbox 398 410 625 500; x_wconf 86' lang='grc' dir='ltr'>Πέρσαι</span> <span class='ocrx_word' id='word_1_28' title='bbox 664 411 911 471; x_wconf 82' lang='grc' dir='ltr'>οἰκέουσι</span> <span class='ocrx_word' id='word_1_29' title='bbox 951 409 1284 487; x_wconf 86' lang='grc' dir='ltr'>κατήκοντες</span> <span class='ocrx_word' id='word_1_30' title='bbox 1322 409 1417 470; x_wconf 78' lang='grc' dir='ltr'>ε’πὶ</span> <span class='ocrx_word' id='word_1_31' title='bbox 1455 409 1559 486; x_wconf 80' lang='grc' dir='ltr'>τήν</span> <span class='ocrx_word' id='word_1_32' title='bbox 1593 409 1782 486; x_wconf 88' lang='grc' dir='ltr'>νοτίην</span> <span class='ocrx_word' id='word_1_33' title='bbox 1825 409 1923 472; x_wconf 85' lang='grc' dir='ltr'>θά-</span> 
     </span>
     <span class='ocr_line' id='line_1_6' title="bbox 317 495 1924 576; baseline -0.001 -20"><span class='ocrx_word' id='word_1_34' title='bbox 317 501 567 568; x_wconf 91' lang='grc' dir='ltr'>λασσαν,</span> <span class='ocrx_word' id='word_1_35' title='bbox 598 495 703 573; x_wconf 80' lang='grc' dir='ltr'>τήν</span> <span class='ocrx_word' id='word_1_36' title='bbox 735 497 1013 576; x_wconf 76' lang='grc' dir='ltr'>Ἐρυθρὴν</span> <span class='ocrx_word' id='word_1_37' title='bbox 1046 497 1411 574; x_wconf 82' lang='grc' dir='ltr'>καλεομένην·</span> <span class='ocrx_word' id='word_1_38' title='bbox 1449 496 1662 558; x_wconf 79' lang='grc' dir='ltr'>τούτων</span> <span class='ocrx_word' id='word_1_39' title='bbox 1689 497 1734 555; x_wconf 85' lang='grc' dir='ltr'>δ’</span> <span class='ocrx_word' id='word_1_40' title='bbox 1759 522 1924 574; x_wconf 74' lang='grc' dir='ltr'>υπερ·</span> 
     </span>
     <span class='ocr_line' id='line_1_7' title="bbox 321 583 1925 663; baseline -0.001 -19"><span class='ocrx_word' id='word_1_41' title='bbox 321 585 569 645; x_wconf 87' lang='grc' dir='ltr'>οικέουσι</span> <span class='ocrx_word' id='word_1_42' title='bbox 600 585 741 663; x_wconf 82' lang='grc' dir='ltr'>πρὸς</span> <span class='ocrx_word' id='word_1_43' title='bbox 772 585 1023 662; x_wconf 85' lang='grc' dir='ltr'>βορέω’</span> <span class='ocrx_word' id='word_1_44' title='bbox 987 586 1194 662; x_wconf 87' lang='grc' dir='ltr'>ανέμου</span> <span class='ocrx_word' id='word_1_45' title='bbox 1220 585 1430 660; x_wconf 84' lang='grc' dir='ltr'>Μῆδοι,</span> <span class='ocrx_word' id='word_1_46' title='bbox 1467 584 1680 660; x_wconf 85' lang='grc' dir='ltr'>Μήδων</span> <span class='ocrx_word' id='word_1_47' title='bbox 1713 583 1776 644; x_wconf 83' lang='grc' dir='ltr'>δὲ</span> <span class='ocrx_word' id='word_1_48' title='bbox 1816 583 1925 650; x_wconf 82' lang='grc' dir='ltr'>Σά-</span> 
     </span>
     <span class='ocr_line' id='line_1_8' title="bbox 319 671 1926 753; baseline -0.001 -21"><span class='ocrx_word' id='word_1_49' title='bbox 319 698 562 749; x_wconf 91' lang='grc' dir='ltr'>σπειρες,</span> <span class='ocrx_word' id='word_1_50' title='bbox 596 673 927 751; x_wconf 82' lang='grc' dir='ltr'>Σασπείρων</span> <span class='ocrx_word' id='word_1_51' title='bbox 958 673 1019 732; x_wconf 81' lang='grc' dir='ltr'>δὲ</span> <span class='ocrx_word' id='word_1_52' title='bbox 1049 672 1297 753; x_wconf 84' lang='grc' dir='ltr'>Κόλχοι,</span> <span class='ocrx_word' id='word_1_53' title='bbox 1325 671 1658 748; x_wconf 79' lang='grc' dir='ltr'>κατήκοντες</span> <span class='ocrx_word' id='word_1_54' title='bbox 1692 673 1787 732; x_wconf 81' lang='grc' dir='ltr'>ἐπὶ</span> <span class='ocrx_word' id='word_1_55' title='bbox 1821 672 1926 748; x_wconf 71' lang='grc' dir='ltr'>τήν</span> 
     </span>
     <span class='ocr_line' id='line_1_9' title="bbox 320 758 1922 838; baseline -0.001 -18"><span class='ocrx_word' id='word_1_56' title='bbox 320 761 565 838; x_wconf 62' lang='grc' dir='ltr'>βορηίην</span> <span class='ocrx_word' id='word_1_57' title='bbox 604 761 909 835; x_wconf 66' lang='grc' dir='ltr'>θάλασσαν</span> <span class='ocrx_word' id='word_1_58' title='bbox 948 765 1006 824; x_wconf 84' lang='grc' dir='ltr'>ἐς</span> <span class='ocrx_word' id='word_1_59' title='bbox 1042 761 1148 837; x_wconf 81' lang='grc' dir='ltr'>τὴν</span> <span class='ocrx_word' id='word_1_60' title='bbox 1185 758 1368 824; x_wconf 88' lang='grc' dir='ltr'>Φάσις</span> <span class='ocrx_word' id='word_1_61' title='bbox 1405 759 1660 838; x_wconf 73' lang='grc' dir='ltr'>ποταμὸς</span> <span class='ocrx_word' id='word_1_62' title='bbox 1701 759 1922 819; x_wconf 78' lang='grc' dir='ltr'>ἐκδιδοῖ·</span> 
     </span>
     <span class='ocr_line' id='line_1_10' title="bbox 317 847 1922 925; baseline 0 -17"><span class='ocrx_word' id='word_1_63' title='bbox 317 853 495 909; x_wconf 77' lang='grc' dir='ltr'>ταῦτα</span> <span class='ocrx_word' id='word_1_64' title='bbox 519 848 769 925; x_wconf 81' lang='grc' dir='ltr'>τέσσερα</span> <span class='ocrx_word' id='word_1_65' title='bbox 804 849 964 909; x_wconf 85' lang='grc' dir='ltr'>ἔθνεα</span> <span class='ocrx_word' id='word_1_66' title='bbox 991 849 1158 908; x_wconf 82' lang='grc' dir='ltr'>οἰκέει</span> <span class='ocrx_word' id='word_1_67' title='bbox 1184 853 1246 907; x_wconf 82' lang='grc' dir='ltr'>ἐκ</span> <span class='ocrx_word' id='word_1_68' title='bbox 1273 847 1575 924; x_wconf 81' lang='grc' dir='ltr'>θαλάσσης</span> <span class='ocrx_word' id='word_1_69' title='bbox 1611 852 1666 912; x_wconf 84' lang='grc' dir='ltr'>ἐς</span> <span class='ocrx_word' id='word_1_70' title='bbox 1708 847 1922 908; x_wconf 80' lang='grc' dir='ltr'>θάλασ·</span> 
     </span>
    </p>

    <p class='ocr_par' dir='ltr' id='par_1_5' title="bbox 225 929 1930 1801">
     <span class='ocr_line' id='line_1_11' title="bbox 225 929 1926 1015; baseline 0 -21"><span class='ocrx_word' id='word_1_71' title='bbox 225 935 303 994; x_wconf 87' lang='grc'>38</span> <span class='ocrx_word' id='word_1_72' title='bbox 322 961 451 995; x_wconf 89' lang='grc' dir='ltr'>σαν.</span> <span class='ocrx_word' id='word_1_73' title='bbox 519 934 808 996; x_wconf 82' lang='grc' dir='ltr'>Ἐνθεῦτεν</span> <span class='ocrx_word' id='word_1_74' title='bbox 834 936 911 1006; x_wconf 80' lang='grc' dir='ltr'>δὲ,</span> <span class='ocrx_word' id='word_1_75' title='bbox 931 935 1000 996; x_wconf 78' lang='grc' dir='ltr'>τδ</span> <span class='ocrx_word' id='word_1_76' title='bbox 1026 935 1170 1013; x_wconf 80' lang='grc' dir='ltr'>πρός</span> <span class='ocrx_word' id='word_1_77' title='bbox 1196 937 1455 1015; x_wconf 83' lang='grc' dir='ltr'>ἑσπέρης,</span> <span class='ocrx_word' id='word_1_78' title='bbox 1472 935 1636 996; x_wconf 82' lang='grc' dir='ltr'>οἷκταὶ</span> <span class='ocrx_word' id='word_1_79' title='bbox 1661 929 1926 1012; x_wconf 84' lang='grc' dir='ltr'>διφάσιαι</span> 
     </span>
     <span class='ocr_line' id='line_1_12' title="bbox 322 1020 1924 1105; baseline 0.001 -25"><span class='ocrx_word' id='word_1_80' title='bbox 322 1021 419 1081; x_wconf 77' lang='grc' dir='ltr'>ἀπ’</span> <span class='ocrx_word' id='word_1_81' title='bbox 454 1020 625 1098; x_wconf 71' lang='grc' dir='ltr'>αὐτῆς</span> <span class='ocrx_word' id='word_1_82' title='bbox 662 1023 1051 1084; x_wconf 83' lang='grc' dir='ltr'>κατατείνουσι</span> <span class='ocrx_word' id='word_1_83' title='bbox 1079 1029 1135 1088; x_wconf 79' lang='grc' dir='ltr'>ἐς</span> <span class='ocrx_word' id='word_1_84' title='bbox 1171 1022 1493 1093; x_wconf 89' lang='grc' dir='ltr'>θάλασσαν,</span> <span class='ocrx_word' id='word_1_85' title='bbox 1521 1023 1622 1087; x_wconf 72' lang='grc' dir='ltr'>τὰς</span> <span class='ocrx_word' id='word_1_86' title='bbox 1648 1023 1757 1105; x_wconf 76' lang='grc' dir='ltr'>ε’γώ</span> <span class='ocrx_word' id='word_1_87' title='bbox 1786 1023 1924 1099; x_wconf 79' lang='grc' dir='ltr'>ἄπη-</span> 
     </span>
     <span class='ocr_line' id='line_1_13' title="bbox 320 1109 1923 1190; baseline 0.001 -21"><span class='ocrx_word' id='word_1_88' title='bbox 320 1109 593 1190; x_wconf 85' lang='grc' dir='ltr'>γήσομαι·</span> <span class='ocrx_word' id='word_1_89' title='bbox 636 1109 789 1170; x_wconf 78' lang='grc' dir='ltr'>ἔνθεν</span> <span class='ocrx_word' id='word_1_90' title='bbox 812 1110 981 1187; x_wconf 74' lang='grc' dir='ltr'>μὲνὴ</span> <span class='ocrx_word' id='word_1_91' title='bbox 1018 1109 1160 1186; x_wconf 80' lang='grc' dir='ltr'>ἅκτή</span> <span class='ocrx_word' id='word_1_92' title='bbox 1185 1110 1225 1188; x_wconf 80' lang='grc' dir='ltr'><em>ἦ</em></span> <span class='ocrx_word' id='word_1_93' title='bbox 1255 1111 1411 1189; x_wconf 88' lang='grc' dir='ltr'>ἑτέρη</span> <span class='ocrx_word' id='word_1_94' title='bbox 1437 1110 1510 1171; x_wconf 76' lang='grc' dir='ltr'>τοὶ</span> <span class='ocrx_word' id='word_1_95' title='bbox 1539 1111 1681 1189; x_wconf 80' lang='grc' dir='ltr'>πρός</span> <span class='ocrx_word' id='word_1_96' title='bbox 1720 1113 1923 1188; x_wconf 86' lang='grc' dir='ltr'>βορῆν,</span> 
     </span>
     <span class='ocr_line' id='line_1_14' title="bbox 322 1195 1928 1276; baseline 0.001 -21"><span class='ocrx_word' id='word_1_97' title='bbox 322 1196 437 1257; x_wconf 61' lang='lat' dir='ltr'>dm?</span> <span class='ocrx_word' id='word_1_98' title='bbox 489 1195 703 1260; x_wconf 80' lang='grc' dir='ltr'>Φάσιος</span> <span class='ocrx_word' id='word_1_99' title='bbox 744 1197 1043 1275; x_wconf 75' lang='grc' dir='ltr'>ἄρξαμένη,</span> <span class='ocrx_word' id='word_1_100' title='bbox 1090 1199 1470 1276; x_wconf 88' lang='grc' dir='ltr'>παρατέταται</span> <span class='ocrx_word' id='word_1_101' title='bbox 1517 1203 1573 1262; x_wconf 79' lang='grc' dir='ltr'>ἐς</span> <span class='ocrx_word' id='word_1_102' title='bbox 1619 1197 1928 1259; x_wconf 81' lang='grc' dir='ltr'>θάλασσαν</span> 
     </span>
     <span class='ocr_line' id='line_1_15' title="bbox 322 1283 1929 1366; baseline 0.001 -22"><span class='ocrx_word' id='word_1_103' title='bbox 322 1284 476 1364; x_wconf 84' lang='grc' dir='ltr'>παρά</span> <span class='ocrx_word' id='word_1_104' title='bbox 514 1311 577 1346; x_wconf 86' lang='grc' dir='ltr'>τε</span> <span class='ocrx_word' id='word_1_105' title='bbox 615 1283 715 1347; x_wconf 81' lang='grc' dir='ltr'>τόν</span> <span class='ocrx_word' id='word_1_106' title='bbox 751 1285 976 1347; x_wconf 90' lang='grc' dir='ltr'>Πόντον</span> <span class='ocrx_word' id='word_1_107' title='bbox 1008 1287 1102 1345; x_wconf 83' lang='grc' dir='ltr'>καὶ</span> <span class='ocrx_word' id='word_1_108' title='bbox 1141 1287 1242 1347; x_wconf 81' lang='grc' dir='ltr'>τὸν</span> <span class='ocrx_word' id='word_1_109' title='bbox 1281 1285 1718 1364; x_wconf 83' lang='grc' dir='ltr'>Ἑλλήσποντον</span> <span class='ocrx_word' id='word_1_110' title='bbox 1757 1287 1929 1366; x_wconf 85' lang='grc' dir='ltr'>μέχρι</span> 
     </span>
     <span class='ocr_line' id='line_1_16' title="bbox 320 1372 1928 1455; baseline -0.001 -21"><span class='ocrx_word' id='word_1_111' title='bbox 320 1375 549 1455; x_wconf 72' lang='grc' dir='ltr'>Σιγείου</span> <span class='ocrx_word' id='word_1_112' title='bbox 573 1379 675 1434; x_wconf 86' lang='grc' dir='ltr'>τοῦ</span> <span class='ocrx_word' id='word_1_113' title='bbox 700 1377 968 1452; x_wconf 78' lang='grc' dir='ltr'>Τρωϊκοῦ·</span> <span class='ocrx_word' id='word_1_114' title='bbox 1007 1373 1081 1434; x_wconf 77' lang='grc' dir='ltr'>τὰ</span> <span class='ocrx_word' id='word_1_115' title='bbox 1106 1374 1168 1434; x_wconf 79' lang='grc' dir='ltr'>δὲ</span> <span class='ocrx_word' id='word_1_116' title='bbox 1191 1372 1335 1452; x_wconf 81' lang='grc' dir='ltr'>πρός</span> <span class='ocrx_word' id='word_1_117' title='bbox 1358 1373 1538 1445; x_wconf 87' lang='grc' dir='ltr'>νότου,</span> <span class='ocrx_word' id='word_1_118' title='bbox 1553 1374 1593 1450; x_wconf 79' lang='grc' dir='ltr'><em>ἦ</em></span> <span class='ocrx_word' id='word_1_119' title='bbox 1617 1374 1759 1450; x_wconf 79' lang='grc' dir='ltr'>αὐτὴ</span> <span class='ocrx_word' id='word_1_120' title='bbox 1785 1374 1928 1452; x_wconf 78' lang='grc' dir='ltr'>αὕτη</span> 
     </span>
     <span class='ocr_line' id='line_1_17' title="bbox 326 1460 1928 1541; baseline 0 -19"><span class='ocrx_word' id='word_1_121' title='bbox 326 1460 467 1539; x_wconf 75' lang='grc' dir='ltr'>α’κτῆ</span> <span class='ocrx_word' id='word_1_122' title='bbox 499 1461 613 1523; x_wconf 68' lang='lat' dir='ltr'>‹in-6</span> <span class='ocrx_word' id='word_1_123' title='bbox 647 1467 747 1522; x_wconf 83' lang='grc' dir='ltr'>τοῦ</span> <span class='ocrx_word' id='word_1_124' title='bbox 780 1463 1194 1541; x_wconf 86' lang='grc' dir='ltr'>Μυριανδρικοΰ</span> <span class='ocrx_word' id='word_1_125' title='bbox 1232 1462 1468 1532; x_wconf 87' lang='grc' dir='ltr'>κόλπου,</span> <span class='ocrx_word' id='word_1_126' title='bbox 1493 1466 1594 1522; x_wconf 84' lang='grc' dir='ltr'>τοῦ</span> <span class='ocrx_word' id='word_1_127' title='bbox 1629 1463 1773 1540; x_wconf 75' lang='grc' dir='ltr'>πρὸς</span> <span class='ocrx_word' id='word_1_128' title='bbox 1797 1470 1928 1522; x_wconf 83' lang='grc' dir='ltr'>Φοι-</span> 
     </span>
     <span class='ocr_line' id='line_1_18' title="bbox 324 1549 1930 1630; baseline 0 -20"><span class='ocrx_word' id='word_1_129' title='bbox 324 1551 449 1630; x_wconf 86' lang='grc' dir='ltr'>νίκῃ</span> <span class='ocrx_word' id='word_1_130' title='bbox 474 1551 742 1628; x_wconf 82' lang='grc' dir='ltr'>κειμένου,</span> <span class='ocrx_word' id='word_1_131' title='bbox 769 1551 934 1610; x_wconf 88' lang='grc' dir='ltr'>τείνει</span> <span class='ocrx_word' id='word_1_132' title='bbox 958 1549 1030 1611; x_wconf 71' lang='grc' dir='ltr'>τὰ</span> <span class='ocrx_word' id='word_1_133' title='bbox 1057 1555 1112 1614; x_wconf 82' lang='grc' dir='ltr'>ἐς</span> <span class='ocrx_word' id='word_1_134' title='bbox 1139 1551 1443 1611; x_wconf 86' lang='grc' dir='ltr'>θάλασσαν</span> <span class='ocrx_word' id='word_1_135' title='bbox 1466 1551 1636 1630; x_wconf 87' lang='grc' dir='ltr'>μέχρι</span> <span class='ocrx_word' id='word_1_136' title='bbox 1660 1551 1930 1627; x_wconf 87' lang='grc' dir='ltr'>Τριοπίου</span> 
     </span>
     <span class='ocr_line' id='line_1_19' title="bbox 324 1635 1930 1718; baseline 0.003 -24"><span class='ocrx_word' id='word_1_137' title='bbox 324 1635 514 1714; x_wconf 80' lang='grc' dir='ltr'>ἄκρης·</span> <span class='ocrx_word' id='word_1_138' title='bbox 556 1637 721 1697; x_wconf 81' lang='grc' dir='ltr'>οἰκέει</span> <span class='ocrx_word' id='word_1_139' title='bbox 756 1636 802 1696; x_wconf 84' lang='grc' dir='ltr'>δ’</span> <span class='ocrx_word' id='word_1_140' title='bbox 831 1641 890 1698; x_wconf 79' lang='grc' dir='ltr'>ἐν</span> <span class='ocrx_word' id='word_1_141' title='bbox 922 1641 995 1717; x_wconf 80' lang='grc' dir='ltr'>τῇ</span> <span class='ocrx_word' id='word_1_142' title='bbox 1026 1637 1170 1716; x_wconf 80' lang='grc' dir='ltr'>σ’,κτῇ</span> <span class='ocrx_word' id='word_1_143' title='bbox 1209 1637 1384 1718; x_wconf 82' lang='grc' dir='ltr'>ταύτῃ</span> <span class='ocrx_word' id='word_1_144' title='bbox 1426 1639 1585 1700; x_wconf 83' lang='grc' dir='ltr'>ἔθνεα</span> <span class='ocrx_word' id='word_1_145' title='bbox 1624 1637 1930 1716; x_wconf 76' lang='grc' dir='ltr'>ἀνθρώπων</span> 
     </span>
     <span class='ocr_line' id='line_1_20' title="bbox 324 1723 639 1801; baseline 0.003 -17"><span class='ocrx_word' id='word_1_146' title='bbox 324 1723 639 1801; x_wconf 85' lang='grc' dir='ltr'>τριήκοντα.</span> 
     </span>
    </p>

    <p class='ocr_par' dir='ltr' id='par_1_6' title="bbox 230 1810 1934 2597">
     <span class='ocr_line' id='line_1_21' title="bbox 230 1810 1926 1894; baseline 0.002 -23"><span class='ocrx_word' id='word_1_147' title='bbox 230 1813 307 1872; x_wconf 87' lang='grc'>39</span> <span class='ocrx_word' id='word_1_148' title='bbox 406 1810 562 1889; x_wconf 79' lang='grc' dir='ltr'>Αὕτη</span> <span class='ocrx_word' id='word_1_149' title='bbox 600 1812 705 1891; x_wconf 82' lang='grc' dir='ltr'>μέν</span> <span class='ocrx_word' id='word_1_150' title='bbox 730 1838 827 1874; x_wconf 88' lang='grc' dir='ltr'>νυν</span> <span class='ocrx_word' id='word_1_151' title='bbox 850 1812 890 1890; x_wconf 80' lang='grc' dir='ltr'><strong><em>ἧ</em></strong></span> <span class='ocrx_word' id='word_1_152' title='bbox 918 1813 1075 1893; x_wconf 88' lang='grc' dir='ltr'>ἑτέρη</span> <span class='ocrx_word' id='word_1_153' title='bbox 1100 1818 1212 1877; x_wconf 76' lang='grc' dir='ltr'>τῶν</span> <span class='ocrx_word' id='word_1_154' title='bbox 1238 1815 1464 1879; x_wconf 77' lang='grc' dir='ltr'>ἀκτέων·</span> <span class='ocrx_word' id='word_1_155' title='bbox 1504 1816 1543 1893; x_wconf 81' lang='grc' dir='ltr'><strong><em>ἧ</em></strong></span> <span class='ocrx_word' id='word_1_156' title='bbox 1569 1818 1630 1877; x_wconf 79' lang='grc' dir='ltr'>δὲ</span> <span class='ocrx_word' id='word_1_157' title='bbox 1656 1816 1724 1893; x_wconf 77' lang='grc' dir='ltr'>δὴ</span> <span class='ocrx_word' id='word_1_158' title='bbox 1752 1817 1926 1894; x_wconf 85' lang='grc' dir='ltr'>ἑτέρη,</span> 
     </span>
     <span class='ocr_line' id='line_1_22' title="bbox 326 1898 1928 1982; baseline 0.002 -23"><span class='ocrx_word' id='word_1_159' title='bbox 326 1898 441 1960; x_wconf 78' lang='grc' dir='ltr'>οἷπό</span> <span class='ocrx_word' id='word_1_160' title='bbox 482 1902 751 1979; x_wconf 88' lang='grc' dir='ltr'>Περσέων</span> <span class='ocrx_word' id='word_1_161' title='bbox 790 1900 1089 1981; x_wconf 76' lang='grc' dir='ltr'>ἄρξαμένη,</span> <span class='ocrx_word' id='word_1_162' title='bbox 1131 1905 1509 1982; x_wconf 88' lang='grc' dir='ltr'>παρατέταται</span> <span class='ocrx_word' id='word_1_163' title='bbox 1541 1910 1597 1969; x_wconf 80' lang='grc' dir='ltr'>ἐς</span> <span class='ocrx_word' id='word_1_164' title='bbox 1631 1905 1736 1980; x_wconf 76' lang='grc' dir='ltr'>τὴν</span> <span class='ocrx_word' id='word_1_165' title='bbox 1769 1903 1928 1981; x_wconf 85' lang='grc' dir='ltr'>Ἐρυ-</span> 
     </span>
     <span class='ocr_line' id='line_1_23' title="bbox 329 1987 1932 2070; baseline 0.001 -21"><span class='ocrx_word' id='word_1_166' title='bbox 329 1987 470 2066; x_wconf 73' lang='grc' dir='ltr'>θρὴν</span> <span class='ocrx_word' id='word_1_167' title='bbox 512 1989 831 2061; x_wconf 86' lang='grc' dir='ltr'>θάλασσαν,</span> <span class='ocrx_word' id='word_1_168' title='bbox 874 1991 913 2067; x_wconf 87' lang='grc' dir='ltr'><strong><em>ἥ</em></strong></span> <span class='ocrx_word' id='word_1_169' title='bbox 954 2017 1017 2051; x_wconf 91' lang='grc' dir='ltr'>τε</span> <span class='ocrx_word' id='word_1_170' title='bbox 1054 1992 1318 2069; x_wconf 77' lang='grc' dir='ltr'>Περσικὴ</span> <span class='ocrx_word' id='word_1_171' title='bbox 1360 1993 1453 2052; x_wconf 84' lang='grc' dir='ltr'>καὶ</span> <span class='ocrx_word' id='word_1_172' title='bbox 1492 1993 1532 2070; x_wconf 80' lang='grc' dir='ltr'><em>ἦ</em></span> <span class='ocrx_word' id='word_1_173' title='bbox 1571 1992 1686 2053; x_wconf 83' lang='grc' dir='ltr'>οἷπὸ</span> <span class='ocrx_word' id='word_1_174' title='bbox 1725 1992 1932 2069; x_wconf 84' lang='grc' dir='ltr'>ταύτης</span> 
     </span>
     <span class='ocr_line' id='line_1_24' title="bbox 330 2078 1928 2157; baseline -0.001 -17"><span class='ocrx_word' id='word_1_175' title='bbox 330 2078 657 2155; x_wconf 74' lang='grc' dir='ltr'>ἐκδεκομένη</span> <span class='ocrx_word' id='word_1_176' title='bbox 682 2078 969 2157; x_wconf 87' lang='grc' dir='ltr'>-Ἀσσυρίη</span> <span class='ocrx_word' id='word_1_177' title='bbox 997 2080 1093 2139; x_wconf 87' lang='grc' dir='ltr'>καὶ</span> <span class='ocrx_word' id='word_1_178' title='bbox 1120 2079 1234 2139; x_wconf 83' lang='grc' dir='ltr'>οἷπὸ</span> <span class='ocrx_word' id='word_1_179' title='bbox 1258 2079 1572 2157; x_wconf 85' lang='grc' dir='ltr'>Ἀσσυρίης</span> <span class='ocrx_word' id='word_1_180' title='bbox 1595 2080 1635 2156; x_wconf 81' lang='grc' dir='ltr'><em>ἦ</em></span> <span class='ocrx_word' id='word_1_181' title='bbox 1660 2079 1928 2157; x_wconf 86' lang='grc' dir='ltr'>Ἀραβίη·</span> 
     </span>
     <span class='ocr_line' id='line_1_25' title="bbox 330 2164 1928 2248; baseline 0.002 -25"><span class='ocrx_word' id='word_1_182' title='bbox 330 2164 496 2247; x_wconf 87' lang='grc' dir='ltr'>λήγει</span> <span class='ocrx_word' id='word_1_183' title='bbox 536 2166 596 2225; x_wconf 84' lang='grc' dir='ltr'>δὲ</span> <span class='ocrx_word' id='word_1_184' title='bbox 627 2165 765 2243; x_wconf 79' lang='grc' dir='ltr'>αὕτη</span> <span class='ocrx_word' id='word_1_185' title='bbox 798 2166 887 2247; x_wconf 80' lang='grc' dir='ltr'>(οὗ</span> <span class='ocrx_word' id='word_1_186' title='bbox 913 2166 1176 2248; x_wconf 82' lang='grc' dir='ltr'>λήγουσα</span> <span class='ocrx_word' id='word_1_187' title='bbox 1204 2171 1252 2227; x_wconf 80' lang='grc' dir='ltr'>εἶ</span> <span class='ocrx_word' id='word_1_188' title='bbox 1276 2168 1358 2245; x_wconf 81' lang='grc' dir='ltr'><em>μή</em></span> <span class='ocrx_word' id='word_1_189' title='bbox 1387 2168 1560 2247; x_wconf 77' lang='grc' dir='ltr'>νόμῳ)</span> <span class='ocrx_word' id='word_1_190' title='bbox 1592 2174 1648 2231; x_wconf 81' lang='grc' dir='ltr'>ἐς</span> <span class='ocrx_word' id='word_1_191' title='bbox 1670 2167 1772 2228; x_wconf 75' lang='grc' dir='ltr'>τᾶν</span> <span class='ocrx_word' id='word_1_192' title='bbox 1798 2168 1928 2227; x_wconf 86' lang='grc' dir='ltr'>κόλ-</span> 
     </span>
     <span class='ocr_line' id='line_1_26' title="bbox 326 2252 1934 2333; baseline 0.001 -21"><span class='ocrx_word' id='word_1_193' title='bbox 326 2278 437 2313; x_wconf 85' lang='grc' dir='ltr'>πον</span> <span class='ocrx_word' id='word_1_194' title='bbox 482 2252 581 2314; x_wconf 64' lang='lat' dir='ltr'>vav</span> <span class='ocrx_word' id='word_1_195' title='bbox 626 2252 915 2332; x_wconf 84' lang='grc' dir='ltr'>Ἀράβιον,</span> <span class='ocrx_word' id='word_1_196' title='bbox 957 2260 1012 2319; x_wconf 83' lang='grc' dir='ltr'>ἐς</span> <span class='ocrx_word' id='word_1_197' title='bbox 1052 2255 1153 2316; x_wconf 86' lang='grc' dir='ltr'>τὸν</span> <span class='ocrx_word' id='word_1_198' title='bbox 1196 2260 1434 2333; x_wconf 86' lang='grc' dir='ltr'>Δαρεῖος</span> <span class='ocrx_word' id='word_1_199' title='bbox 1473 2261 1536 2314; x_wconf 82' lang='grc' dir='ltr'>ἐκ</span> <span class='ocrx_word' id='word_1_200' title='bbox 1573 2258 1676 2315; x_wconf 81' lang='grc' dir='ltr'>τοῦ</span> <span class='ocrx_word' id='word_1_201' title='bbox 1713 2256 1934 2314; x_wconf 88' lang='grc' dir='ltr'>Νείλου</span> 
     </span>
     <span class='ocr_line' id='line_1_27' title="bbox 328 2340 1930 2424; baseline 0.001 -22"><span class='ocrx_word' id='word_1_202' title='bbox 328 2340 571 2419; x_wconf 78' lang='grc' dir='ltr'>διώρυχα</span> <span class='ocrx_word' id='word_1_203' title='bbox 618 2342 885 2424; x_wconf 81' lang='grc' dir='ltr'>ἐσήγαγε.</span> <span class='ocrx_word' id='word_1_204' title='bbox 954 2342 1149 2423; x_wconf 86' lang='grc' dir='ltr'>(μέχρι</span> <span class='ocrx_word' id='word_1_205' title='bbox 1197 2344 1304 2421; x_wconf 83' lang='grc' dir='ltr'>μέν</span> <span class='ocrx_word' id='word_1_206' title='bbox 1356 2370 1453 2405; x_wconf 90' lang='grc' dir='ltr'>νυν</span> <span class='ocrx_word' id='word_1_207' title='bbox 1503 2344 1762 2419; x_wconf 86' lang='grc' dir='ltr'>Φοινίκης</span> <span class='ocrx_word' id='word_1_208' title='bbox 1813 2342 1930 2403; x_wconf 63' lang='lat' dir='ltr'>dard</span> 
     </span>
     <span class='ocr_line' id='line_1_28' title="bbox 327 2428 1932 2507; baseline 0.004 -22"><span class='ocrx_word' id='word_1_209' title='bbox 327 2428 613 2505; x_wconf 87' lang='grc' dir='ltr'>Περσέων,</span> <span class='ocrx_word' id='word_1_210' title='bbox 638 2432 822 2507; x_wconf 80' lang='grc' dir='ltr'>χῶρος</span> <span class='ocrx_word' id='word_1_211' title='bbox 854 2430 1072 2494; x_wconf 75' lang='grc' dir='ltr'>πλατῦς</span> <span class='ocrx_word' id='word_1_212' title='bbox 1098 2433 1193 2491; x_wconf 82' lang='grc' dir='ltr'>καὶ</span> <span class='ocrx_word' id='word_1_213' title='bbox 1218 2431 1436 2495; x_wconf 88' lang='grc' dir='ltr'>πολλός</span> <span class='ocrx_word' id='word_1_214' title='bbox 1465 2436 1606 2491; x_wconf 79' lang='grc' dir='ltr'>ἐστι·</span> <span class='ocrx_word' id='word_1_215' title='bbox 1647 2432 1713 2491; x_wconf 83' lang='grc' dir='ltr'>τό</span> <span class='ocrx_word' id='word_1_216' title='bbox 1742 2430 1788 2489; x_wconf 79' lang='grc' dir='ltr'>δ’</span> <span class='ocrx_word' id='word_1_217' title='bbox 1815 2429 1932 2491; x_wconf 78' lang='grc' dir='ltr'>άπό</span> 
     </span>
     <span class='ocr_line' id='line_1_29' title="bbox 332 2514 1932 2597; baseline 0.004 -24"><span class='ocrx_word' id='word_1_218' title='bbox 332 2514 589 2590; x_wconf 84' lang='grc' dir='ltr'>Φοινίκης</span> <span class='ocrx_word' id='word_1_219' title='bbox 627 2516 866 2595; x_wconf 87' lang='grc' dir='ltr'>παρήκει</span> <span class='ocrx_word' id='word_1_220' title='bbox 902 2516 993 2577; x_wconf 79' lang='grc' dir='ltr'>διαὶ</span> <span class='ocrx_word' id='word_1_221' title='bbox 1032 2519 1210 2594; x_wconf 84' lang='grc' dir='ltr'>τῆσδε</span> <span class='ocrx_word' id='word_1_222' title='bbox 1239 2524 1341 2595; x_wconf 85' lang='grc' dir='ltr'>τῆς</span> <span class='ocrx_word' id='word_1_223' title='bbox 1373 2518 1675 2596; x_wconf 82' lang='grc' dir='ltr'>θαλάσσης</span> <span class='ocrx_word' id='word_1_224' title='bbox 1704 2518 1743 2597; x_wconf 81' lang='grc' dir='ltr'><em>ἦ</em></span> <span class='ocrx_word' id='word_1_225' title='bbox 1783 2520 1932 2597; x_wconf 82' lang='grc' dir='ltr'>οἷκτή</span> 
     </span>
    </p>

    <p class='ocr_par' dir='ltr' id='par_1_7' title="bbox 257 2601 1938 2861">
     <span class='ocr_line' id='line_1_30' title="bbox 257 2601 1934 2689; baseline 0.004 -28"><span class='ocrx_word' id='word_1_226' title='bbox 257 2610 263 2613; x_wconf 74' lang='grc'><strong>’</strong></span> <span class='ocrx_word' id='word_1_227' title='bbox 331 2601 471 2679; x_wconf 73' lang='grc' dir='ltr'>αὕτη</span> <span class='ocrx_word' id='word_1_228' title='bbox 510 2604 665 2682; x_wconf 86' lang='grc' dir='ltr'>παρά</span> <span class='ocrx_word' id='word_1_229' title='bbox 698 2630 761 2665; x_wconf 90' lang='grc' dir='ltr'>τε</span> <span class='ocrx_word' id='word_1_230' title='bbox 800 2605 1007 2683; x_wconf 79' lang='grc' dir='ltr'>Συρίην</span> <span class='ocrx_word' id='word_1_231' title='bbox 1038 2605 1144 2683; x_wconf 66' lang='grc' dir='ltr'>τήν</span> <span class='ocrx_word' id='word_1_232' title='bbox 1169 2608 1566 2684; x_wconf 85' lang='grc' dir='ltr'>Παλαιστίνην</span> <span class='ocrx_word' id='word_1_233' title='bbox 1592 2608 1685 2667; x_wconf 84' lang='grc' dir='ltr'>καὶ</span> <span class='ocrx_word' id='word_1_234' title='bbox 1716 2608 1934 2689; x_wconf 84' lang='grc' dir='ltr'>Αἴγυπ-</span> 
     </span>
     <span class='ocr_line' id='line_1_31' title="bbox 324 2692 1932 2774; baseline 0.002 -24"><span class='ocrx_word' id='word_1_235' title='bbox 324 2715 438 2763; x_wconf 85' lang='grc' dir='ltr'>τον,</span> <span class='ocrx_word' id='word_1_236' title='bbox 473 2695 528 2755; x_wconf 85' lang='grc' dir='ltr'>ἔς</span> <span class='ocrx_word' id='word_1_237' title='bbox 560 2692 665 2770; x_wconf 66' lang='grc' dir='ltr'>τὴν</span> <span class='ocrx_word' id='word_1_238' title='bbox 701 2694 977 2773; x_wconf 64' lang='grc' dir='ltr'>πλευ-τῷ)</span> <span class='ocrx_word' id='word_1_239' title='bbox 1022 2698 1080 2754; x_wconf 81' lang='grc' dir='ltr'>ἐν</span> <span class='ocrx_word' id='word_1_240' title='bbox 1109 2699 1182 2774; x_wconf 81' lang='grc' dir='ltr'>τῇ</span> <span class='ocrx_word' id='word_1_241' title='bbox 1215 2694 1374 2757; x_wconf 81' lang='grc' dir='ltr'>ἔθνεά</span> <span class='ocrx_word' id='word_1_242' title='bbox 1413 2700 1541 2756; x_wconf 78' lang='grc' dir='ltr'>ἐστι</span> <span class='ocrx_word' id='word_1_243' title='bbox 1574 2696 1703 2774; x_wconf 89' lang='grc' dir='ltr'>τρία</span> <span class='ocrx_word' id='word_1_244' title='bbox 1726 2700 1932 2771; x_wconf 83' lang='grc' dir='ltr'>μοῦνα·</span> 
     </span>
     <span class='ocr_line' id='line_1_32' title="bbox 325 2780 1938 2861; baseline 0.007 -25"><span class='ocrx_word' id='word_1_245' title='bbox 325 2784 501 2839; x_wconf 81' lang='grc' dir='ltr'>ταῦτα</span> <span class='ocrx_word' id='word_1_246' title='bbox 525 2781 629 2857; x_wconf 82' lang='grc' dir='ltr'>μὲν</span> <span class='ocrx_word' id='word_1_247' title='bbox 644 2780 757 2841; x_wconf 77' lang='grc' dir='ltr'>σῖπό</span> <span class='ocrx_word' id='word_1_248' title='bbox 783 2781 1055 2858; x_wconf 89' lang='grc' dir='ltr'>Περσέων</span> <span class='ocrx_word' id='word_1_249' title='bbox 1070 2781 1146 2842; x_wconf 79' lang='grc' dir='ltr'>τοὶ</span> <span class='ocrx_word' id='word_1_250' title='bbox 1171 2782 1314 2859; x_wconf 82' lang='grc' dir='ltr'>πρός</span> <span class='ocrx_word' id='word_1_251' title='bbox 1339 2783 1584 2861; x_wconf 88' lang='grc' dir='ltr'>ἑσπέρης</span> <span class='ocrx_word' id='word_1_252' title='bbox 1605 2788 1706 2859; x_wconf 83' lang='grc' dir='ltr'>τῆς</span> <span class='ocrx_word' id='word_1_253' title='bbox 1729 2782 1938 2859; x_wconf 86' lang='grc' dir='ltr'>Ἀσίης</span> 
     </span>
    </p>

    <p class='ocr_par' dir='ltr' id='par_1_8' title="bbox 228 2865 1934 3303">
     <span class='ocr_line' id='line_1_33' title="bbox 228 2865 1932 2949; baseline 0.008 -27"><span class='ocrx_word' id='word_1_254' title='bbox 228 2865 358 2924; x_wconf 75' lang='grc' dir='ltr'>4Ο”’</span> <span class='ocrx_word' id='word_1_255' title='bbox 329 2866 529 2944; x_wconf 87' lang='grc' dir='ltr'>εχοντά</span> <span class='ocrx_word' id='word_1_256' title='bbox 554 2874 695 2929; x_wconf 87' lang='grc' dir='ltr'>ε’στι.</span> <span class='ocrx_word' id='word_1_257' title='bbox 758 2870 843 2929; x_wconf 82' lang='lat' dir='ltr'>Ta</span> <span class='ocrx_word' id='word_1_258' title='bbox 869 2870 929 2929; x_wconf 83' lang='grc' dir='ltr'>δὲ</span> <span class='ocrx_word' id='word_1_259' title='bbox 950 2869 1258 2949; x_wconf 74' lang='grc' dir='ltr'>κατύπερθε</span> <span class='ocrx_word' id='word_1_260' title='bbox 1277 2872 1563 2948; x_wconf 89' lang='grc' dir='ltr'>Περσέων,</span> <span class='ocrx_word' id='word_1_261' title='bbox 1587 2872 1679 2930; x_wconf 86' lang='grc' dir='ltr'>καὶ</span> <span class='ocrx_word' id='word_1_262' title='bbox 1699 2870 1932 2945; x_wconf 64' lang='grc' dir='ltr'>Μήδων,</span> 
     </span>
     <span class='ocr_line' id='line_1_34' title="bbox 328 2955 1932 3037; baseline 0.006 -27"><span class='ocrx_word' id='word_1_263' title='bbox 328 2955 419 3011; x_wconf 86' lang='grc' dir='ltr'>καὶ</span> <span class='ocrx_word' id='word_1_264' title='bbox 446 2956 791 3035; x_wconf 83' lang='grc' dir='ltr'>Σασπείρων,</span> <span class='ocrx_word' id='word_1_265' title='bbox 809 2983 902 3017; x_wconf 89' lang='grc' dir='ltr'>και</span> <span class='ocrx_word' id='word_1_266' title='bbox 880 2958 1178 3037; x_wconf 86' lang='grc' dir='ltr'>Κόλχων,</span> <span class='ocrx_word' id='word_1_267' title='bbox 1195 2984 1268 3019; x_wconf 88' lang='grc' dir='ltr'>τα</span> <span class='ocrx_word' id='word_1_268' title='bbox 1291 2957 1432 3035; x_wconf 81' lang='grc' dir='ltr'>πρός</span> <span class='ocrx_word' id='word_1_269' title='bbox 1446 2958 1528 3034; x_wconf 82' lang='grc' dir='ltr'><strong><em>ηῶ</em></strong></span> <span class='ocrx_word' id='word_1_270' title='bbox 1547 2985 1609 3020; x_wconf 87' lang='grc' dir='ltr'>τε</span> <span class='ocrx_word' id='word_1_271' title='bbox 1631 2985 1722 3019; x_wconf 90' lang='grc' dir='ltr'>και</span> <span class='ocrx_word' id='word_1_272' title='bbox 1701 2958 1932 3036; x_wconf 75' lang='grc' dir='ltr'>ἠέλιον</span> 
     </span>
     <span class='ocr_line' id='line_1_35' title="bbox 324 3036 1936 3124; baseline 0.007 -29"><span class='ocrx_word' id='word_1_273' title='bbox 324 3036 723 3114; x_wconf 77' lang='grc' dir='ltr'>ἀνατέλλοντα,</span> <span class='ocrx_word' id='word_1_274' title='bbox 742 3045 894 3104; x_wconf 81' lang='grc' dir='ltr'>ἔνθεν</span> <span class='ocrx_word' id='word_1_275' title='bbox 918 3048 1022 3122; x_wconf 84' lang='grc' dir='ltr'>μὲν</span> <span class='ocrx_word' id='word_1_276' title='bbox 1040 3046 1077 3121; x_wconf 80' lang='grc' dir='ltr'><em>ἦ</em></span> <span class='ocrx_word' id='word_1_277' title='bbox 1103 3044 1347 3124; x_wconf 86' lang='grc' dir='ltr'>Ἐρυθρη</span> <span class='ocrx_word' id='word_1_278' title='bbox 1372 3047 1610 3124; x_wconf 87' lang='grc' dir='ltr'>παρήκει</span> <span class='ocrx_word' id='word_1_279' title='bbox 1636 3046 1936 3108; x_wconf 78' lang='grc' dir='ltr'>θάλασσα·</span> 
     </span>
     <span class='ocr_line' id='line_1_36' title="bbox 325 3124 1934 3241; baseline 0.007 -60"><span class='ocrx_word' id='word_1_280' title='bbox 325 3124 466 3197; x_wconf 79' lang='grc' dir='ltr'>προς</span> <span class='ocrx_word' id='word_1_281' title='bbox 488 3128 675 3203; x_wconf 87' lang='grc' dir='ltr'>βορέω</span> <span class='ocrx_word' id='word_1_282' title='bbox 702 3130 823 3190; x_wconf 64' lang='grc' dir='ltr'>δὲε</span> <span class='ocrx_word' id='word_1_283' title='bbox 786 3157 823 3206; x_wconf 88' lang='grc' dir='ltr'>η</span> <span class='ocrx_word' id='word_1_284' title='bbox 853 3133 1092 3209; x_wconf 81' lang='grc' dir='ltr'>Κασπίη</span> <span class='ocrx_word' id='word_1_285' title='bbox 1118 3157 1182 3193; x_wconf 88' lang='grc' dir='ltr'>τε</span> <span class='ocrx_word' id='word_1_286' title='bbox 1209 3132 1500 3206; x_wconf 88' lang='grc' dir='ltr'>θάλασσα,</span> <span class='ocrx_word' id='word_1_287' title='bbox 1523 3134 1665 3195; x_wconf 85' lang='grc' dir='ltr'>καὶο</span> <span class='ocrx_word' id='word_1_288' title='bbox 1689 3133 1934 3241; x_wconf 73' lang='grc' dir='ltr'>Ἀράξης</span> 
     </span>
     <span class='ocr_line' id='line_1_37' title="bbox 325 3210 1935 3303; baseline 0.013 -39"><span class='ocrx_word' id='word_1_289' title='bbox 325 3210 594 3284; x_wconf 77' lang='grc' dir='ltr'>ποταμος,</span> <span class='ocrx_word' id='word_1_290' title='bbox 620 3214 758 3291; x_wconf 83' lang='grc' dir='ltr'>ῥέων</span> <span class='ocrx_word' id='word_1_291' title='bbox 782 3217 924 3294; x_wconf 83' lang='grc' dir='ltr'>πρός</span> <span class='ocrx_word' id='word_1_292' title='bbox 947 3218 1142 3294; x_wconf 81' lang='grc' dir='ltr'>ἠέλιον</span> <span class='ocrx_word' id='word_1_293' title='bbox 1167 3218 1495 3299; x_wconf 83' lang='grc' dir='ltr'>α’νίσχοντα.</span> <span class='ocrx_word' id='word_1_294' title='bbox 1549 3222 1720 3303; x_wconf 84' lang='grc' dir='ltr'>μέχρι</span> <span class='ocrx_word' id='word_1_295' title='bbox 1745 3222 1808 3282; x_wconf 83' lang='grc' dir='ltr'>δὲ</span> <span class='ocrx_word' id='word_1_296' title='bbox 1830 3225 1935 3298; x_wconf 75' lang='grc' dir='ltr'>τῆς</span> 
     </span>
    </p>
   </div>
   <div class='ocr_carea' id='block_1_4' title="bbox 2206 1862 2220 3407">
    <p class='ocr_par' dir='ltr' id='par_1_9' title="bbox 2206 1862 2220 3407">
     <span class='ocr_line' id='line_1_38' title="bbox 2206 1862 2220 3407; baseline 0 0"><span class='ocrx_word' id='word_1_297' title='bbox 2206 1862 2220 3407; x_wconf 95' lang='lat' dir='ltr'> </span> 
     </span>
    </p>
   </div>
  </div>
 </body>
</html>
