2250 3500
299 120 399 167 228
915 120 1288 169 ἭΡοΔοΤοϊ
1768 118 1900 185 [111.

199 199 279 257 56
301 196 535 258 πάππον
558 197 862 278 δημοσίῃ“
827 225 939 259 υπο
969 200 1212 276 Σαμίων.
1282 197 1710 276 Λακεδαιμόνιοι
1737 199 1876 271 δὲ,
1835 226 1906 265 ως

298 290 413 359 σφι
451 282 865 360 τεσσεράκοντα
898 285 1234 367 ἐγεγόνεσαν
1264 286 1468 395 ἡμέραι
1505 287 1907 376 πολιορκέουσι

300 371 545 449 Σάμον’
519 397 573 434 ες
595 371 663 431 τό
690 373 888 449 πρόσω
911 399 975 434 τε
1002 372 1160 434 οὐδὲν
1191 374 1569 451 προεκόπτετο
1591 378 1705 434 τῶν
1728 400 1922 456 πρηγγ

298 459 503 537 μάτων,
548 458 1001 522 ἀπαλλάσσοπο
1042 466 1098 525 ἐς
1139 460 1604 538 Πελοπόννησον·
1660 461 1731 525 ὥς
1771 462 1906 522 δ’ἔ“
1871 490 1905 524 ο

297 548 664 627 ματαιότερος
716 548 890 631 λόγος
943 549 1210 627 ὥρμηται,
1253 550 1481 630 λέγεται
1532 549 1907 627 Πολυκράτεα

306 637 600 716 ε’πιχῶριον
619 637 872 715 νόμισμα
899 636 1151 716 κόψαντα
1165 638 1389 698 πολλὸν
1408 637 1722 716 μολύβδου,
1740 664 1906 697 κατα-

302 725 677 805 χρυσῶσαντα
717 725 912 785 δοῦναί
946 732 1077 801 σφι·
1132 726 1262 789 τοῦς
1302 726 1363 786 δὲ
1399 726 1728 803 δεξαμένους
1763 726 1906 787 οὕτω

306 812 375 887 δὴ
410 813 917 874 ἀπαλλάσσεσθαι.
998 814 1206 890 ταύτην
1245 814 1471 892 πρώτην
1511 815 1819 891 στρατηῒην
1849 819 1908 879 ἐς

306 900 410 975 τήν
435 899 641 976 Ἀσίην
667 900 1095 978 Λακεδαιμόνιοι
1124 903 1362 979 Δωριέες
1387 900 1746 977 ἐποιήσαντο.

210 988 287 1047 57
390 992 464 1047 Οἱ
503 988 549 1047 δ’
590 988 683 1048 ε’πὶ
721 988 824 1049 τᾶν
863 989 1238 1067 Πολυκράτεα
1277 989 1759 1067 στρατευσάμενοι
1798 992 1906 1055 Σα-

303 1075 461 1152 μίων,
490 1076 609 1135 ε’πεὶ
635 1078 689 1135 οἱ
714 1076 1142 1154 Λακεδαιμόνιοι
1169 1076 1370 1141 αὖτοῦς
1395 1076 1723 1138 ἀπολείπειν
1747 1078 1908 1156 ἔμελ-

304 1167 427 1234 λον,
462 1164 554 1223 καὶ
594 1162 751 1224 αὐτοὶ
790 1163 1077 1225 ἀπέπλεον
1103 1170 1160 1229 ἔς
1193 1166 1426 1240 Σίφνον·
1468 1165 1772 1245 χρημάτων
1794 1164 1908 1247 γάρ

308 1250 539 1321 εδέοντο,
554 1253 626 1311 τοὶ
652 1251 713 1311 δε
736 1256 847 1313 τῶν
871 1253 1117 1328 Σιφνίων
1141 1252 1447 1333 πρήγματα
1472 1252 1688 1329 ἤκμαζε
1708 1258 1910 1315 τοῦτον

306 1338 406 1399 τόν
436 1339 657 1419 χρόνον·
699 1341 792 1400 καὶ
827 1341 1138 1427 νησιωτέων
1170 1340 1426 1418 μάλιστα
1459 1341 1761 1426 ἐπλούτεον
1786 1340 1911 1422 (ἅτε

313 1427 511 1489 ἐόντων
550 1428 772 1489 αὐτοῖσι
811 1433 870 1489 ἐν
903 1433 975 1508 τῇ
1017 1428 1173 1508 νήσῳ
1203 1430 1458 1535 χρυσέων
1498 1454 1590 1488 και
1630 1426 1912 1510 άργυρέων

308 1516 625 1596 μετάλλων)
665 1517 807 1578 οὕτω
843 1516 990 1577 ὥστε
1020 1515 1134 1577 α’,πο
1169 1542 1271 1591 της
1303 1515 1534 1591 δεκάτης
1556 1542 1669 1577 των
1690 1517 1910 1595 γινομέ-

308 1628 417 1663 νων
454 1603 687 1665 αὖτόθεν
721 1605 1024 1685 χρημάτων
1058 1603 1340 1682 θησαυρός
1375 1608 1434 1664 ἐν
1466 1608 1756 1679 Δελφοῖσι
1780 1604 1910 1665 οἷνα·

315 1691 511 1760 κέεται,
554 1689 723 1768 ὁμοῖα
767 1696 921 1752 τοῖσι
972 1692 1475 1754 πλουσιωτάτοισι·
1529 1691 1691 1753 αὐτοὶ
1737 1692 1797 1753 δὲ
1837 1692 1912 1755 τοὶ

306 1777 571 1858 γινόμενα
612 1783 690 1857 τῷ
734 1784 959 1859 ἐνιαυτῷ
1004 1779 1221 1860 ἑκάστῳ
1261 1781 1526 1860 χρήματα
1574 1781 1909 1858 διενέμοντο.

308 1864 404 1926 ὅτε
428 1865 503 1927 ὦν
530 1870 813 1928 ἐποιεῦντο
837 1868 937 1929 τόν
958 1868 1262 1946 θησαυρὸν,
1282 1870 1552 1948 ἐχρέωντο
1566 1875 1645 1949 τῷ
1661 1895 1910 1948 χρηστη-

306 1955 424 2034 ρίῳ,
445 1958 494 2014 εἰ
516 1953 740 2016 αὐτοῖσι
762 1956 835 2016 τοὶ
859 1957 1138 2034 παρεόντα
1161 1955 1349 2037 ἀγαθοὶ
1377 1956 1468 2016 οἶά
1492 1983 1555 2017 τε
1582 1959 1707 2018 ἐστὶ
1725 1957 1911 2018 πολύν

308 2042 515 2122 χρόνον
539 2043 900 2122 παραμένειν;
941 2044 981 2122 ἦ
1008 2045 1068 2104 δὲ
1094 2046 1283 2121 Πυθίη
1311 2045 1522 2124 ἔχρησέ
1546 2049 1661 2119 σφι
1684 2045 1836 2106 τάδε·

398 2157 535 2206 Ἀλλ’
560 2160 678 2208 ὅταν
703 2160 753 2207 ἐν
775 2161 939 2221 Σίφνῳ
969 2157 1239 2222 πρυτανῆϊα
1267 2157 1418 2206 λευκοὶ
1447 2159 1651 2220 ’γένηται

406 2231 669 2291 λεύκοφρύς
691 2229 739 2277 τ’
762 2232 932 2292 ἀγορὴ,
956 2231 1071 2278 τότε
1092 2233 1153 2290 δὴ
1175 2231 1250 2280 δεῖ
1266 2229 1532 2291 φράδμονος
1555 2232 1732 2293 ἀνδρὸς,

409 2303 723 2363 φράσσασθαι
745 2303 927 2362 ξύλινόν
947 2318 1004 2350 τε
1025 2298 1178 2363 λόχον
1199 2303 1380 2364 κήρυκά
1401 2300 1450 2350 τ’
1473 2303 1678 2364 ἐρυθρόν.

310 2406 464 2463 τοῖσι
506 2405 567 2463 δὲ
607 2406 895 2481 Σιφνίοισι
924 2403 997 2480 ἦν
1024 2405 1156 2466 τότε
1185 2405 1226 2482 ἦ
1256 2404 1436 2486 α’γορῆ
1468 2405 1561 2465 καὶ
1598 2404 1666 2466 τό
1705 2431 1911 2483 πρυτα-

216 2492 295 2551 58
313 2490 467 2565 νήϊον
498 2493 693 2572 Παρίῳ
726 2493 868 2572 λίθῳ
899 2492 1212 2570 ἠσκημένα.
1280 2497 1493 2553 Τοῦτον
1523 2492 1622 2554 τᾶν
1648 2494 1912 2573 χρησμόν

313 2576 415 2638 οὐκ
450 2577 563 2639 οἶοί
595 2605 657 2640 τε
696 2578 847 2657 ἦσαν
885 2584 1107 2662 γνῶναι,
1151 2582 1278 2642 οὔτε
1315 2579 1445 2642 τότε
1487 2580 1606 2646 ῑθῧς
1641 2580 1770 2642 οὔτε
1802 2586 1913 2642 τῶν

315 2668 538 2744 Σαμίων
568 2667 900 2750 ἀπιγμένων·
945 2670 1071 2730 ε’πεί
1099 2695 1163 2730 τε
1201 2669 1312 2750 γάρ
1348 2667 1596 2748 τάχιστα
1630 2667 1773 2746 πρός
1809 2669 1914 2744 τήν

314 2757 529 2831 Σίφνον
552 2758 874 2836 προσίσχον
901 2758 955 2816 οἶ
982 2756 1250 2833 Σάμιοι,”
1222 2781 1470 2833 επεμπον
1493 2761 1606 2818 τῶν
1630 2761 1767 2818 νεῶν
1778 2757 1914 2833 μίαν

312 2844 601 2919 πρέσβεας
646 2870 899 2925 αγουσαν
943 2849 998 2908 ἐς
1038 2843 1144 2920 τὴν
1184 2844 1522 2905 πόλιν.τό
1565 2845 1628 2904 δε
1668 2843 1916 2904 παλαιόν

314 2928 535 2989 ἅπασαι
565 2933 624 2990 αἶ
654 2935 780 3006 νῆες
808 2932 957 3008 ἦσαν
996 2932 1386 3008 μιλτηλιφέες·
1430 2933 1522 2990 καὶ
1548 2931 1619 3007 ἦν
1643 2937 1816 2992 τοῦτο
1846 2956 1912 2991 το

312 3014 351 3089 ἦ
391 3019 578 3093 Πυθίη
617 3019 957 3099 προηγόρευε
997 3022 1152 3079 τοῖσι
1197 3018 1503 3095 Σιφνίοισι,
1547 3019 1916 3096 φυλάξασθαι

314 3101 415 3160 τόν
459 3104 683 3172 ξύλινον
728 3105 905 3184 λόχον
938 3105 1246 3164 κελεύουσα
1280 3105 1374 3164 καὶ
1415 3105 1626 3182 κήρυκα
1663 3105 1914 3184 ερυθρόν·

314 3184 638 3262 ἀπικόμενοι
668 3190 744 3250 ὧν
780 3196 833 3250 οἱ
865 3190 1100 3272 ἄγγελοι
1128 3191 1345 3252 ε’ὃέοντο
1372 3197 1484 3254 τῶν
1511 3195 1758 3270 Σιφνίων
1783 3193 1917 3254 δέκα

314 3270 564 3331 τάλαντά
588 3283 702 3348 σφι
726 3276 1069 3354 χρῆσαι·ου
1097 3278 1431 3355 φασκόντων
1457 3280 1518 3341 δὲ
1541 3280 1782 3360 χρήσειν
1805 3283 1918 3340 τῶν
