2250 3500
335 107 624 174 175-179]
1029 109 1259 160 mmo.
1878 109 1943 164 a?

330 186 472 252 λοῦς
505 186 705 266 ἅρετιίς
735 186 1143 248 ἐπεδείκνυντο·
1186 187 1527 251 ἑσσωθέντες
1557 185 1617 248 δὲ
1650 187 1745 248 καὶ
1768 211 1946 248 κατει-

331 277 599 353 ληθέντες
637 280 695 338 ἐς
729 275 797 336 τὰ
837 273 998 346 ἄστυ,
1039 275 1360 352 συνήλισαν
1400 279 1457 340 ἐς
1493 276 1599 352 τὴν
1636 273 1946 354 ἀκρόπολιν

330 362 434 426 τάς
469 389 533 423 τε
570 365 836 443 γυναῖκας
875 363 968 422 καὶ
1006 362 1078 422 τοὶ
1117 363 1285 424 τέκνα
1317 363 1411 422 καὶ
1440 361 1513 423 τοὶ
1543 361 1809 441 χρήματα
1850 363 1943 422 καὶ

331 450 462 514 τοῦς
481 450 712 518 οἰκέτας,
735 450 828 510 καὶ
847 451 1035 510 ἔπειτα
1050 449 1283 529 ὑπῆψαν
1300 449 1403 525 τήν
1422 448 1731 528 ἀκρόπολιν
1750 452 1945 510 πᾶσαν

331 537 539 615 ταύτην
580 537 858 598 καίεσθαι·
898 542 1076 599 ταῦτα
1114 538 1175 597 δὲ
1209 537 1547 614 ποιήσαντες
1580 539 1672 596 καὶ
1702 537 1943 615 συνομό-

331 651 536 690 σαντες
560 625 757 704 ὅρκους
783 623 1008 696 δεινοῧς,
1027 625 1429 695 ὑπεξελθόντες
1444 623 1723 686 ἀπέθανον
1740 624 1943 690 πάντες

332 711 566 778 Ξάνθιοι
614 711 946 792 μαχόμενοι·
1005 717 1116 774 τῶν
1169 712 1231 772 δὲ
1281 717 1379 774 νῦν
1424 713 1642 773 Λυκίων
1684 713 1944 789 φαμένων

330 801 583 864 Ξανθίων
624 799 780 871 εἶναι,
821 803 876 860 οἶ
905 799 1137 872 πολλοὶ,
1169 799 1323 876 πλήν
1360 799 1679 882 ὀγδώκοντα
1708 799 1941 870 ἱστιέων,

333 888 446 948 εἰσὶ
475 886 776 964 ἐπήλυδες·
817 890 876 947 αἶ
908 887 968 947 δὲ
998 887 1315 968 ὀγδώκοντα
1349 887 1525 948 ἱστίαι
1558 885 1722 948 αὗται
1748 889 1944 966 ἔτυχον

331 979 632 1050 τηνικαῦτα
674 975 1060 1052 ἐκδημέουσαι,
1097 976 1190 1034 καὶ
1224 973 1365 1036 οὕτω
1396 975 1797 1057 περιεγένοντο·
1838 975 1943 1052 τήν

329 1064 436 1139 μὲν
475 1063 544 1139 δὴ
584 1061 803 1126 Ξάνθον
838 1061 1008 1126 οὕτως
1040 1064 1177 1142 ἔσχε
1213 1061 1245 1125 ὁ
1267 1061 1578 1144 Ἅρπαγος.
1642 1068 1940 1142 παραπλη-

331 1150 468 1214 σίως
507 1151 568 1210 δὲ
607 1151 700 1210 καὶ
737 1149 842 1226 τήν
873 1155 1099 1212 Καῦνον
1133 1152 1287 1230 ἔσχε.
1370 1151 1463 1211 καὶ
1487 1149 1599 1233 γὰρ
1626 1154 1681 1212 οἱ
1706 1151 1940 1212 Καύνιοι

329 1263 460 1302 τους
497 1235 736 1300 Λυκίους
776 1237 1127 1315 εμιμήσαντο
1165 1264 1237 1299 τα
1274 1238 1451 1298 πλέω.
1532 1237 1617 1298 To?
1659 1240 1764 1316 μέν
1803 1239 2033 1301 νυν177

332 1323 482 1384 κάτω
522 1329 625 1401 τῆς
654 1323 855 1402 Ἀσίης
879 1323 1174 1408 Ἀρπαγος
1202 1324 1493 1386 ἀνάστατα
1529 1327 1726 1397 ἐποίεε,
1765 1326 1838 1386 τοὶ
1879 1327 1941 1387 δὲ

331 1410 446 1472 ἅνω
471 1412 640 1488 αὐτῆς
663 1438 829 1476 αυτος
855 1418 1061 1491 Κῦρος,
1089 1417 1203 1473 πᾶν
1236 1414 1391 1475 ἔθνος
1418 1411 1940 1490 καταστρεφόμενος

333 1524 430 1558 και
469 1497 624 1560 οὐδὲν
661 1500 897 1577 παριείς.
962 1526 1036 1561 τα
1072 1501 1178 1577 μέν
1218 1525 1315 1561 νυν
1346 1498 1525 1560 αὐτων
1563 1499 1721 1558 πλέω
1760 1499 1937 1578 παρή-

331 1612 529 1665 σομεν·
583 1587 655 1648 τοὶ
705 1587 767 1647 δέ
817 1591 873 1648 οἶ
917 1589 1175 1668 παρέσχε
1212 1586 1387 1648 πόνον
1425 1613 1489 1648 τε
1531 1590 1808 1648 πλεῖστον
1849 1589 1942 1648 καὶ

329 1673 822 1759 ἅξιαπηγητότατό.
848 1681 986 1748 ἔστι,
1012 1675 1222 1737 τούτων
1248 1673 1641 1754 ἐπιμνήσομαι.

413 1768 598 1842 Κῦρος
637 1765 763 1825 ἐπεί
794 1790 858 1825 τε
889 1762 962 1825 vot
995 1764 1179 1827 πάντα
1209 1768 1311 1841 τῆς
1340 1764 1572 1843 ἠπείρου
1604 1764 1899 1845 ὖποχείρια
1917 1766 2034 1827 178

332 1852 656 1927 ἐποιήσατο,
680 1851 1043 1929 Ἀσσυρίοισι
1067 1854 1369 1914 ἐπετίθετο.
1416 1856 1517 1929 τῆς
1542 1853 1603 1913 δὲ
1625 1852 1937 1931 Ἀσσυρίης

331 1940 455 1999 ε’στὶ
478 1938 551 1999 τὰ
572 1940 678 2017 μέν
704 1964 804 1999 κου
826 1940 916 1998 καὶ
934 1938 1088 1999 ἄλλα
1109 1941 1444 2017 πολίσματα
1468 1940 1694 2022 μεγάλα
1719 1939 1931 2011 πολλὰ,

328 2026 396 2087 τό
427 2026 486 2087 δὲ
518 2025 972 2104 ὀνομαστότατον
1005 2028 1097 2087 καὶ
1140 2026 1509 2106 ἰσχυρότατον
1542 2028 1635 2085 καὶ
1666 2027 1799 2087 ἔνθα
1823 2032 1937 2100 σφι

329 2115 508 2176 Νίνου
533 2114 851 2175 ἀναστάτου
875 2116 1175 2198 γενομένης
1197 2115 1270 2174 τοὶ
1294 2112 1581 2189 βασιλήῖα
1606 2110 1939 2187 κατεστήκεε

329 2200 400 2279 ἦν
437 2203 790 2280 Βαβυλῶν,’
766 2206 940 2263 εοΰσα
972 2201 1203 2277 τοιαύτη
1236 2199 1305 2277 δή
1336 2224 1439 2262 τις·
1478 2198 1647 2262 πόλις
1674 2199 1854 2259 κέεται
1880 2204 1939 2259 ἐν

328 2291 499 2371 πεδίῳ
536 2290 783 2373 μεγάλῳ,
808 2290 1056 2373 μέγαθος
1093 2292 1267 2349 εὀΰσα
1300 2287 1557 2365 μέτωπον
1592 2287 1831 2346 εκαστον
1868 2288 1938 2347 εἶ·-

293 2442 296 2447 ,
332 2402 462 2438 κοσι
489 2379 582 2438 καὶ
613 2379 810 2439 ἑκατὸν
847 2377 1104 2447 σταδίων,
1145 2374 1347 2453 εὀυσης
1378 2374 1753 2459 τετραγώνου·
1784 2401 1937 2436 ουτοι

331 2466 552 2527 στάδιοι
590 2470 690 2541 τῆς
727 2465 988 2544 περιόδου
1021 2469 1122 2541 τῆς
1157 2463 1359 2527 πόλιος
1382 2463 1629 2545 γίνονται
1656 2462 1937 2525 συνάπαν-

329 2554 420 2617 τες
455 2552 772 2635 ὀγδώκοντα
803 2553 896 2612 καὶ
929 2551 1301 2629 τετρακόσιοι·
1341 2551 1409 2613 τό
1443 2551 1548 2629 μέν
1573 2578 1669 2613 νυν
1694 2554 1940 2634 μέγαθος

328 2639 604 2702 τοσοῦτόν
657 2646 782 2701 ε’στι
824 2644 926 2700 τοῦ
978 2639 1179 2703 ἄστεος
1230 2643 1329 2699 τοῦ
1378 2641 1767 2717 Βαβυλωνίου.
1826 2645 1938 2699 ἐκε-

315 2727 586 2806 ,κόσμητο
613 2728 672 2787 δὲ
699 2726 772 2792 ὥς
798 2727 954 2790 οὐδὲν
985 2726 1137 2787 ἄλλο
1162 2726 1421 2804 πόλισμα
1444 2730 1553 2787 τῶν
1579 2726 1739 2803 ἡμεῖς
1765 2725 1937 2800 ἴδμεν·

327 2815 546 2893 τάφρος
570 2818 677 2893 μὲν
699 2814 894 2893 πρῶτοί
917 2840 1016 2894 μιν
1041 2814 1233 2891 βαθέα
1262 2839 1325 2874 τε
1362 2814 1455 2872 καὶ
1483 2812 1643 2891 εὐρέα
1670 2812 1763 2871 καὶ
1787 2811 1935 2886 πλέη

327 2903 527 2968 ὕδατος
552 2904 814 2982 περιθέει·
850 2902 994 2980 μετὰ
1020 2903 1096 2974 δὲ,
1124 2906 1313 2981 τεῖχος
1336 2900 1681 2976 πεντήκοντα
1703 2901 1807 2976 μὲν
1832 2924 1937 2974 πη-

327 2993 472 3070 χέων
513 2992 835 3068 βασιληίων
880 2990 974 3051 ε’ὂν
1022 2990 1091 3051 τό
1146 2989 1317 3067 εὖρος,
1358 2988 1498 3067 ὕψος
1541 2988 1601 3047 δὲ
1644 2986 1939 3063 διηκοσίων

327 3079 572 3187 πηχέων·
619 3078 677 3158 (ὁ
726 3079 786 3138 δὲ
827 3076 1139 3155 βασιλήῖος
1180 3081 1362 3155 πῆχυς
1402 3102 1504 3135 του
1550 3075 1776 3152 μετρίου
1817 3074 1939 3132 ἐστὶ

328 3166 544 3245 πήχεος
579 3166 756 3244 μέζων
797 3166 953 3244 τρισὶ
985 3164 1355 3243 δακτύλοισι·)
1420 3165 1525 3221 Δεῖ
1554 3159 1623 3235 δή
1652 3187 1726 3238 με
1760 3184 1901 3239 προς
1920 3161 2033 3219 179

328 3253 584 3315 τούτοισι
630 3254 712 3313 ἔτι
759 3250 998 3329 φράσαι,
1042 3252 1132 3311 ἵνα
1170 3274 1235 3311 τε
1280 3254 1341 3308 ἐκ
1381 3252 1482 3324 τῆς
1523 3247 1744 3327 ταφρου
1784 3246 1824 3324 ἦ
1863 3250 1942 3323 ’γῆ
