2250 3500
327 135 421 183 152
931 131 1298 182 ἪΡοΔοτυοτ
1442 149 1447 156 ·
1819 129 1923 195 [11.

329 213 420 274 διὰ
458 212 665 272 τούτων
704 211 988 273 δάκνουσι·
1031 212 1122 272 διὰ
1156 211 1215 271 δὲ
1247 215 1349 272 τοῦ
1382 210 1604 272 δικτύου
1644 209 1772 272 οὐδὲ
1810 237 1927 274 πει-

324 304 526 377 ρῶνται
551 298 751 378 ἀρχήν·

234 389 311 450 96
409 387 495 446 Tot
531 387 590 446 δὲ
625 387 692 463 δὴ
726 386 904 448 πλοῖά
931 393 1061 464 σφι,
1087 388 1244 447 τοῖσι
1278 387 1679 468 φορτηγέουσι,
1708 386 1831 447 ἔστι
1866 391 1930 448 ἔκ

326 479 427 550 τῆς
449 474 691 551 οἷκάνθης
711 476 1029 553 ποιεύμενα·
1054 479 1159 551 τῆς
1180 473 1221 550 ἦ
1240 474 1440 553 μορφή
1466 475 1571 550 μέν
1592 480 1717 534 ἐστι
1742 475 1931 552 ὁμοιο-

327 563 467 639 τάτη
492 567 570 643 τῷ
596 565 892 645 Κυρηναίῳ
917 566 1094 642 λωτῷ,
1122 561 1189 622 τὸ
1219 563 1279 622 δὲ
1304 562 1541 640 δάκρυον
1580 561 1756 638 κόμμι
1784 564 1929 624 ἐστί·

328 654 390 710 ἐκ
426 651 628 728 ταύτης
660 651 734 712 ὧν
764 656 866 727 τῆς
897 650 1141 733 ἀκάνθης
1178 649 1485 728 κοψάμενοι
1522 649 1665 718 ξύλα
1696 649 1837 711 ὅσον
1866 676 1932 712 τε

329 738 566 818 διπήχεα
585 738 893 814 πλινθηδόν
912 740 1244 809 συντιθεῖσι,
1263 737 1700 818 ναυπηγεύμενοι
1718 738 1930 816 τρόπον

329 827 559 887 τοιόνδε·
600 827 728 903 περὶ
757 826 1017 907 γόμφους
1055 825 1297 890 πυκνούς
1329 826 1422 885 καὶ
1452 824 1697 902 μακρούς
1725 826 1930 903 περιεί-

326 935 495 992 ρουσι
527 914 599 974 τοῖ
638 913 877 992 διπήχεα
908 914 1069 983 ξύλα·
1113 913 1282 973 ε’πεσῖν
1319 913 1379 973 δὲ
1415 917 1492 992 τῷ
1523 912 1713 992 τρόπῳ
1751 913 1930 974 τούτω

329 1002 810 1082 ναυπηγήσωνται,
837 1002 977 1084 ζυγοὶ
1014 1005 1291 1077 ἐπιπολῆς
1321 1002 1568 1062 τείνουσι
1600 1001 1799 1061 αὐτῶν·
1841 1029 1929 1063 νο-

331 1093 504 1166 μεῦσι
545 1090 604 1148 δὲ
645 1089 804 1150 οὐδὲν
841 1091 1133 1169 χρέωνται·
1178 1090 1387 1151 ἔσωθεν
1428 1089 1489 1149 δὲ
1522 1088 1623 1153 τσῖς
1662 1089 1931 1166 άρμονίας

331 1182 389 1237 ἐν
415 1177 490 1238 ὧν
519 1177 848 1240 ἐπάκτωσαν
873 1183 944 1258 τῇ
971 1179 1201 1258 βύβλῳ·
1235 1178 1514 1254 πηδάλιον
1541 1177 1600 1236 δὲ
1628 1177 1687 1238 ἓν
1713 1183 1929 1239 ποιεῦν-

331 1291 441 1336 ται,
470 1267 564 1326 καὶ
597 1272 766 1328 τοῦτο
803 1267 894 1326 διοὶ
929 1271 1029 1342 τῆς
1053 1266 1285 1343 τρόπιος
1310 1265 1651 1342 διαβύνεται·
1706 1268 1845 1345 ἱστῷ
1870 1266 1932 1327 δὲ

330 1353 603 1435 ἀκανθίνῳ
636 1355 922 1468 χρέωνται,
957 1356 1193 1415 ἱστίοισι
1234 1353 1294 1413 δὲ
1328 1354 1687 1430 βυβλίνοισι.
1752 1358 1932 1415 ταῦτα

331 1469 404 1503 τα
433 1446 611 1503 πλοῖα
648 1443 754 1504 dvo?
791 1446 895 1520 μὲν
918 1468 1020 1504 τον
1055 1441 1313 1519 ποταμόν
1345 1441 1410 1501 ού
1447 1439 1704 1501 δύνανται
1737 1443 1932 1503 πλέειν

332 1529 402 1606 ἣν
426 1558 508 1608 μη
535 1530 858 1609 λαμπρος”
822 1556 1021 1608 ανεμος
1048 1531 1239 1610 ἐπέχῃ,
1270 1533 1330 1588 ἐκ
1354 1533 1462 1610 γῆς
1487 1529 1546 1587 δε
1572 1530 1929 1607 παρέλκεται·

335 1619 475 1678 κατοὶ
499 1619 633 1696 ῥόον
653 1619 714 1677 δὲ
741 1619 1022 1694 κομίζεται
1050 1615 1173 1676 ὦδε·
1207 1618 1332 1678 ἔστι
1358 1622 1419 1676 ἐκ
1444 1617 1676 1694 μυρίκης
1700 1643 1931 1694 πεποιη-

329 1706 471 1782 μένη
512 1705 653 1784 θύρη
695 1705 1116 1784 κατερραμμένη
1148 1706 1297 1781 ῥίπεῖ
1335 1704 1615 1783 καλάμων,
1645 1706 1738 1765 καὶ
1769 1706 1933 1773 λίθος

329 1794 660 1870 τετρημένος
685 1793 1010 1856 διτάλαντος
1034 1793 1293 1869 μάλιστά
1321 1820 1390 1870 κη
1416 1793 1690 1871 σταθμόν·
1722 1792 1932 1856 τούτων

329 1880 434 1956 τὴν
457 1882 560 1957 μὲν
586 1880 758 1957 θύρην
784 1880 1075 1957 δεδεμένην
1104 1881 1257 1960 κάλῳ
1286 1883 1573 1959 ἔμπροσθε
1599 1886 1699 1941 τοῦ
1725 1883 1932 1943 πλοίου

331 1967 483 2029 α’,πίει
516 1968 899 2050 ἐπιφέρεσθαι,
925 1968 1026 2029 τόν
1058 1968 1118 2028 δε
1149 1970 1314 2029 λίθον
1340 1968 1500 2049 αλλῳ
1528 1970 1680 2050 κάλῳ
1706 1968 1928 2031 ὄπισθε·

329 2056 370 2134 ἧ
395 2060 498 2135 μὲν
524 2054 592 2135 δή
623 2057 778 2137 θύρη,
804 2062 904 2118 τοῦ
929 2056 1118 2134 ῥόου’
1092 2058 1480 2133 εμπίπτοντος,
1502 2083 1698 2136 χωρεει
1722 2059 1931 2137 ταχέως

333 2148 425 2207 καὶ
472 2148 623 2207 ἕλκει
667 2147 773 2224 τὴν
810 2146 1003 2225 βάριν·
1045 2146 1237 2225 (τοῦτο
1278 2172 1389 2225 γαρ
1437 2145 1506 2221 δή
1556 2144 1767 2222 ουνομά
1808 2150 1931 2207 ἔστι

331 2239 486 2296 τοῖσι
509 2237 766 2295 πλοίοισι
791 2234 1088 2313 τούτοισι·>
1129 2232 1161 2292 ὅ
1194 2234 1254 2293 δὲ
1284 2234 1445 2296 λίθος
1470 2231 1678 2294 ὄπισθε
1704 2234 1931 2294 ε’πελκό·

330 2348 498 2399 μενος
523 2324 614 2382 καὶ
642 2323 742 2384 ἐῶν
770 2328 829 2382 ἐν
854 2325 1080 2400 βυσσῷ,
1111 2320 1388 2381 κατιθύνει
1413 2346 1513 2381 τον
1538 2320 1741 2383 πλόον.
1810 2322 1932 2383 ἔστι

335 2409 398 2468 δέ
428 2416 541 2484 σφι
566 2436 638 2469 τα
663 2413 840 2468 πλοῖα
865 2412 1041 2469 ταῦτα
1066 2408 1277 2484 πλήθεΐ
1303 2408 1514 2479 πολλοὶ,
1544 2410 1637 2467 καὶ
1663 2407 1787 2490 αγει
1818 2410 1934 2469 ἔνια

239 2500 312 2557 97
333 2495 555 2559 πολλας
601 2496 859 2575 χιλιάδας
904 2495 1211 2558 ταλάντων.
1293 2495 1501 2557 Ἐπεαν
1541 2497 1600 2556 δὲ
1646 2498 1859 2576 ἑπελθῃ
1899 2497 1935 2557 ὅ

332 2586 543 2647 Νεῖλος
572 2583 676 2658 τήν
700 2583 903 2663 χώρην,
933 2587 992 2643 αἱ
1024 2583 1192 2649 πόλις
1217 2588 1420 2663 μοῦναι
1448 2585 1743 2661 φαίνονται
1768 2584 1933 2662 ὕπερ-

335 2671 585 2751 ἔχουσαι,
627 2672 884 2750 μάλιστά
927 2698 997 2750 κη
1039 2674 1305 2751 ἐμφερέες
1340 2677 1477 2753 τῇσι
1516 2678 1573 2733 ἐν
1605 2676 1683 2752 τῷ
1722 2673 1935 2754 Αἰγαίῳ

333 2761 516 2841 πόντῳ
561 2760 812 2838 νήσοισι·
865 2762 938 2823 τοὶ
989 2763 1092 2839 μὲν
1139 2762 1250 2842 γοὶρ
1299 2759 1455 2820 ἅλλα
1498 2764 1601 2837 τῆς
1648 2760 1935 2841 Αἰγύπτου

333 2850 583 2930 πέλαγος
626 2851 852 2931 γίνεται,
897 2853 958 2909 αἱ
1009 2851 1069 2909 δὲ
1114 2849 1282 2912 πόλις
1328 2853 1531 2925 μοῦναι
1574 2848 1935 2928 ὑπερέχουσι.

337 2936 746 3013 πορθμεύονται
780 2937 870 3008 ὧν,
900 2937 1067 2997 ε’πεαῖν
1102 2939 1271 2996 τοῦτο
1301 2936 1546 3015 γένηται,
1574 2935 1760 2996 οὖκέτι
1794 2934 1937 2997 κατὰ

333 3023 405 3082 τοὶ
428 3024 631 3102 ῥέεθρα
655 3028 756 3084 τοῦ
784 3028 1055 3101 ποταμοῦ,
1085 3022 1243 3081 οἶλλαῖ
1269 3022 1359 3081 διοῖ
1385 3024 1569 3100 μέσου
1594 3027 1697 3084 τοῦ
1723 3023 1937 3084 πεδίου.

336 3113 392 3172 ἐς
423 3111 526 3186 μέν
550 3136 618 3191 γε
655 3112 894 3187 Μέμφιν
928 3115 987 3170 ἐκ
1023 3107 1376 3185 Ναυκράτιος
1408 3109 1779 3183 ἀναπλώοντι,
1806 3112 1939 3189 παρ’

335 3194 504 3258 αύτας
527 3223 631 3260 τας
665 3198 976 3274 πυραμίδας
1003 3197 1217 3276 γίνεται
1248 3194 1280 3254 ὅ
1316 3196 1515 3260 πλόος·
1556 3198 1707 3281 [ἔστι
1740 3200 1804 3257 δὲ
1839 3198 1941 3259 οὔκ

341 3302 516 3350 ουτος,
565 3284 721 3343 αλλα
770 3283 924 3361 παραὶ
976 3308 1043 3343 το
1091 3280 1191 3351 ὀξυ
1235 3286 1337 3343 τοῦ
1386 3286 1597 3356 Δέλτα,
1646 3286 1742 3346 καὶ
1784 3287 1945 3367 παρα
