2250 3500
372 141 466 193 ιιι
981 130 1341 187 ἩΡοΔοΤοτ
1868 137 1981 202 [ΙΙ.

369 219 611 296 ἑσπέρης
645 215 813 278 αὖτὸν
845 223 990 295 πρὸς
1021 215 1189 292 ἥλιον
1220 214 1624 278 ἀνατέλλοντα·
1667 216 1986 292 φαίνεσθαι

279 308 353 368 33
370 305 430 364 δὲ
465 310 524 364 ἐν
555 303 704 383 αὐτῷ
729 298 1133 382 κροκοδειᾍους.
1197 303 1270 362 ‘O
1296 305 1401 381 μὲν
1432 302 1502 378 δὴ
1528 307 1633 364 τοῦ
1646 301 1985 382 ’Ἀμμωνίου

369 390 677 472 Ἐτεάρχου
706 391 880 472 λόγος
910 396 967 454 ἐς
1001 390 1169 453 τοῦτό
1194 415 1293 468 μοι
1324 390 1677 467 δεδηλώσθω,
1705 393 1863 467 πλὴν
1888 392 1986 453 ὅτι

373 479 774 556 ἀπονοστῆσαί
812 504 876 540 τε
923 480 1141 557 ἔφασκε
1178 477 1311 542 τούς
1357 483 1736 555 Νασαμῶνας,
1782 479 1882 560 [ὥς
1923 484 1986 540 οἶ

374 573 685 646 Κυρηναῖοι
726 567 946 651 ἔλεγον]
983 569 1076 628 καὶ
1117 573 1173 631 ἐς
1209 567 1339 631 τούς
1380 564 1537 628 οὗτοι
1578 566 1843 628 ἀπίκοντο
1886 567 1985 628 οἶν-

374 658 625 736 θρώπους
658 657 867 739 γόητας
904 657 1044 716 εἶναι
1078 653 1312 720 πάντας.
1394 655 1495 715 τόν
1526 655 1586 714 δὲ
1618 655 1687 730 δὴ
1719 655 1987 732 ποταμὸν

371 749 570 807 τοῦτον
594 744 696 806 τόν
720 743 1107 823 παραρρέοντα
1135 744 1227 803 καὶ
1250 743 1553 822 Ἐτέαρχος
1584 743 1985 819 συνεβάλλετο

375 833 514 894 εἶναι
547 832 648 894 τᾶν
685 835 914 901 Νεῖλον,
949 832 1042 890 καὶ
1076 830 1145 907 δὴ
1180 831 1272 890 καὶ
1313 829 1344 891 ὁ
1385 830 1559 912 λόγος
1600 830 1743 891 οὕτω
1783 831 1981 908 αἱρέει·

373 924 488 998 ῥέει
526 919 638 1002 γὰρ
682 924 744 978 ἐκ
783 919 1004 996 Λιβύης
1046 918 1079 980 ὅ
1127 924 1353 990 Νεῖλος,
1396 920 1489 979 καὶ
1534 920 1720 997 μέσην
1755 919 1986 996 τάμνων

374 1009 598 1085 Αιβύην
635 1007 727 1067 καὶ
760 1006 856 1087 (ὥς
892 1006 1000 1088 ἐγώ
1037 1006 1474 1085 συμβάλλομαι,
1504 1011 1660 1069 τοῖσι
1696 1009 1985 1085 ἐμφανέσι

373 1096 446 1157 τὰ
470 1095 553 1173 μή
573 1094 960 1176 γινωσκόμενα
984 1095 1439 1176 τεκμαιρόμενος)
1460 1099 1537 1176 τῷ
1552 1094 1761 1176 Ἴστρῳ
1779 1101 1840 1156 ἐκ
1866 1099 1985 1158 τῶν

375 1184 513 1244 ἴσων
536 1183 750 1261 μέτρων
771 1182 1026 1261 ὁρμᾶται.
1075 1183 1307 1260 Ἴστρος
1326 1208 1388 1243 τε
1406 1184 1517 1263 γὰρ
1538 1184 1791 1261 ποταμός
1810 1183 1983 1260 ἀρξά-

374 1297 540 1349 μενος
580 1276 646 1331 ε’κ-
684 1275 917 1332 Κελτῶν
958 1271 1050 1332 καὶ
1089 1269 1355 1347 Πυρήνης
1392 1270 1611 1342 πόλιος,
1641 1271 1755 1349 ῥέει
1792 1273 1983 1349 μέσην

375 1361 584 1441 σχίζων
614 1360 718 1435 τήν
745 1359 1038 1438 Εὐρώπην·
1077 1360 1157 1441 (οἱ
1193 1359 1253 1418 δὲ
1284 1360 1499 1419 Κελτοί
1528 1363 1641 1419 εἶσι
1678 1360 1779 1430 ἔξω
1803 1360 1981 1439 ‘Hpa-

377 1449 582 1526 κληΐων
602 1450 873 1526 στηλέων,
883 1448 1220 1528 ὁμουρέουσι
1240 1447 1299 1507 δὲ
1307 1447 1665 1523 Κυνησίοισι,
1675 1447 1729 1507 οἳ
1744 1449 1981 1527 ἔσχατοι

377 1537 518 1615 πρός
551 1538 803 1615 δυσμέων
837 1538 1084 1597 οἰκέουσι
1117 1539 1229 1597 τῶν
1262 1540 1320 1595 ἐν
1355 1538 1426 1614 τῇ
1457 1535 1699 1614 Εὐρώπῃ
1725 1561 1981 1613 κατοικη-

377 1626 596 1701 μένων)
639 1629 874 1704 τελευτᾷ
899 1626 958 1684 δὲ
986 1623 1017 1685 ὁ
1042 1623 1272 1702 Ἴστρος
1298 1628 1352 1687 ἐς
1385 1623 1690 1685 θάλασσαν
1714 1626 1853 1702 ῥέων
1875 1625 1981 1702 τήν

375 1715 476 1772 τοῦ
495 1711 760 1782 Εὐξείνου
778 1711 986 1773 πόντου
1006 1710 1096 1772 διὰ
1117 1711 1306 1788 πάσης
1329 1710 1617 1790 Εὐρώπης,
1638 1716 1710 1793 τῇ
1728 1711 1979 1792 Ἰστρίην

282 1802 360 1861 34
380 1802 436 1859 οἱ
468 1802 770 1875 Μιλησίων
803 1800 1050 1860 οἰκέουσι
1081 1799 1324 1860 ἄποικοι.
1391 1799 1461 1860 ‘O
1495 1804 1599 1878 μὲν
1630 1801 1699 1878 δὴ
1729 1800 1976 1879 Ἴστρος,

377 1887 490 1964 ῥέει
534 1888 645 1968 γοῖρ
687 1886 753 1947 δι’
797 1889 1129 1965 οἶκευμένης,
1171 1888 1313 1966 πρὸς
1351 1892 1588 1951 πολλῶν
1624 1887 1976 1971 γινώσκεται·

379 1976 508 2054 περὶ
542 1976 601 2036 δὲ
635 1978 746 2037 τῶν
765 1980 877 2037 ’τοῦ
906 1976 1125 2036 Νείλου
1160 1976 1384 2057 πηγέων
1415 1975 1589 2041 οὐδεὶς
1624 1977 1739 2056 ἔχει
1769 1978 1975 2058 λέγειν·

377 2063 634 2143 ἀοίκητός
657 2090 721 2127 τε
743 2063 854 2147 γάρ
882 2070 1006 2125 ἐστι
1032 2064 1124 2124 καὶ
1152 2068 1355 2143 ε’ρῆμος
1374 2063 1410 2140 ἦ
1432 2065 1639 2142 Λιβύη,
1660 2064 1731 2125 δι’
1748 2063 1819 2141 ἧς
1842 2066 1974 2142 ῥέει.

377 2155 504 2231 περὶ
550 2155 609 2215 δὲ
649 2157 750 2215 τοῦ
792 2153 1064 2233 ῥεύματος
1107 2152 1277 2213 αὐτοῦ
1318 2150 1403 2211 ἐπ’
1446 2152 1588 2213 ὅσον
1625 2153 1976 2230 μακρότατον

379 2245 705 2319 ἱστορεῦντα
743 2242 815 2319 ἦν
848 2243 1131 2313 ἐξικέσθαι
1172 2242 1401 2320 εἴρηται·
1444 2240 1652 2301 ἐκδιδοῖ
1688 2241 1749 2301 δὲ
1788 2246 1843 2305 ἐς
1879 2242 1973 2301 Αἴ-

377 2356 608 2410 γυπτον·
634 2331 672 2406 ἦ
694 2332 753 2391 δὲ
778 2331 1060 2411 Αἴγυπτος
1078 2334 1180 2405 τῆς
1199 2328 1413 2407 ὀρεινῆς
1435 2330 1696 2405 Κιλικίης
1714 2328 1972 2406 μάλιστά

379 2442 449 2491 κη
475 2416 633 2492 ἀντίη
662 2418 860 2475 κέεται·
903 2415 1180 2497 [ἐνθεῦτεν
1207 2417 1282 2487 δὲ,
1312 2421 1367 2481 ἐς
1401 2415 1657 2493 Σινώπην
1680 2415 1785 2493 τήν
1814 2422 1873 2478 ἐν
1896 2422 1974 2497 τῷ

377 2502 616 2582 Ευξείνω
660 2502 846 2563 πόντω
887 2503 1050 2563 πέντε
1096 2502 1347 2582 ημερέων
1396 2505 1538 2565 ἰθεῖα
1590 2504 1718 2567 ὁδος
1766 2503 1972 2586 εὐζώνῳ

377 2588 538 2667 α’νδρί
539 2589 640 2673 ·]‘
602 2617 639 2668 η
661 2591 722 2651 δὲ
743 2592 966 2668 Σινώπη
985 2594 1063 2670 τῷ
1077 2589 1287 2671 Ἴστρῳ
1307 2591 1621 2653 ἐκδιδόντι’
1595 2618 1651 2656 ες
1670 2591 1973 2655 θάλασσαν

377 2677 565 2740 ἀντίον
605 2680 805 2740 κέεται.
874 2678 1016 2740 οὕτω
1052 2704 1155 2740 τον
1195 2684 1408 2740 Νεῖλον
1447 2680 1619 2740 δοκέω
1658 2679 1749 2740 δια
1788 2680 1975 2758 πάσης

375 2770 478 2844 τῆς
496 2769 716 2845 Λιβύης
743 2767 1015 2838 διεξιόντα
1040 2768 1371 2838 ἐξισοῦσθαι
1389 2771 1468 2847 τῷ
1481 2765 1709 2849 Ἴστρω.
1762 2770 1974 2831 Nestou

376 2858 482 2934 μέν
507 2883 604 2918 νυν
629 2859 756 2936 πέρι
781 2860 1032 2917 τοσαῦτα
1059 2855 1322 2935 εἰρήσθω.

284 2949 360 3005 35
447 2943 731 3025 ’Ἔρχομαι
767 2945 827 3005 δὲ
857 2945 984 3023 περὶ
1017 2944 1305 3026 Αἰγύπτου
1336 2946 1620 3021 μηκυνέων
1652 2944 1754 3006 τὸν
1784 2944 1972 3029 λόγον,

379 3031 466 3093 ὅτι
499 3037 748 3093 πλεῖστα
777 3032 1072 3109 θωυμάσια
1107 3032 1224 3111 ἔχει
1247 3030 1285 3108 ἢ
1314 3031 1468 3108 ἄλλη
1492 3036 1656 3093 πᾶσα
1683 3033 1857 3113 χώρη,
1887 3035 1975 3095 καὶ

378 3121 514 3198 ἔργα
560 3120 736 3201 λόγου
767 3122 935 3197 μέζω
988 3120 1294 3197 παρέχεται
1338 3144 1479 3195 προς
1524 3125 1720 3182 πᾶσαν
1772 3122 1973 3201 χώρην·

378 3204 586 3266 τούτων
613 3208 792 3267 εἵνεκα
816 3208 972 3267 πλέω
991 3207 1120 3282 περὶ
1139 3204 1311 3315 αυτῆς
1339 3206 1641 3283 εἰρήσεται.
1684 3211 1977 3292 Αἰγύπτιοι

379 3287 502 3365 ἅμα·
535 3296 613 3370 τῷ
653 3292 862 3371 οιῗρανῷ
899 3298 977 3371 τῷ
1015 3318 1159 3352 κατα
1199 3293 1386 3369 σφέας
1425 3294 1571 3355 ἐόντι
1610 3299 1849 3375 ἑτεροίῳ,
1890 3300 1978 3359 καὶ
