2250 3500
328 121 422 169 348
942 118 1309 167 ‘HPOAOTOT
1807 117 1936 181 [nr.

329 197 557 278 οἰχώκεε
576 203 631 262 ἐς
653 199 956 279 Αἴγυπτον·
988 197 1138 274 ἦσαν
1162 197 1274 278 γάρ
1300 201 1356 257 οἱ
1380 203 1441 256 ἐκ
1465 201 1568 257 τοῦ
1591 195 1944 274 Ἀρκεσίλεω

328 286 635 367 εὖεργεσίαι
678 291 733 348 ἐς
776 286 1103 362 Καμβύσεα
1149 286 1248 346 τόν
1290 285 1482 361 Κύρου
1536 287 1942 361 πεποιημέναι·

328 373 515 454 (οὗτος
544 374 655 454 γὰρ
689 373 759 451 ἦν
786 374 818 434 ὅ
854 373 1226 452 Ἀρκεσίλεως
1253 374 1313 436 ὅς
1341 373 1610 449 Κυρήνην
1637 373 1941 453 Καμβύσῃ

327 462 489 521 ἔδωκε
518 463 608 520 καὶ
637 461 817 539 φόρον
838 461 1117 542 ἐτάξατο·)
1145 461 1455 538 ἀπικομένη
1485 461 1544 520 δὲ
1575 467 1630 523 ἐς
1649 463 1944 542 Αἴγυπτον

326 550 365 626 ἦ
391 553 667 628 Φερετίμη
692 549 1003 628 Ἀρυάνδεω
1030 551 1196 613 ἱκέτις
1224 551 1392 620 ἕζετο,
1415 554 1737 626 τιμωρῆσαι
1765 553 1944 628 ἑωυτῇ

328 639 635 699 κελεύουσα
650 665 663 679 ·
703 639 1094 717 προϊσχομένη
1130 636 1442 714 πρόφασιν,
1473 636 1545 700 ὦς
1577 636 1668 695 διὰ
1705 636 1807 696 rav
1834 665 1942 714 μη-

234 728 349 785 166
368 727 574 804 δισμόν
598 727 632 788 ὁ
658 730 791 790 παῖς
812 729 865 785 οἷ
890 726 1140 801 τέθνηκε.
1196 724 1267 783 ‘O
1289 725 1350 799 δὲ
1362 723 1670 801 Ἀρυάνδης
1685 723 1758 801 ἦν
1780 723 1943 788 οὗτος

325 818 425 890 τῆς
447 815 735 896 Αἰγύπτου
755 814 1005 894 ὕπαρχος
1030 813 1141 873 ὖπὸ
1164 813 1499 890 Καμβύσεω
1519 812 1852 875 κατεστεώς·
1880 813 1943 876 ὃς

325 902 541 984 ὑστέρῳ
573 904 757 983 χρόνῳ
782 903 989 964 τούτων
1015 902 1422 979 παρισεύμενος
1462 902 1677 980 Δαρείῳ
1709 901 1939 976 διεφθά-

325 1016 418 1066 ρη.
478 990 793 1066 πυθόμενος
834 991 947 1071 γσῖρ
992 991 1084 1049 καὶ
1122 990 1252 1050 ἷδών
1291 994 1532 1066 Δαρεῖον
1567 990 1942 1064 ἐπιθυμέοντα

324 1076 686 1153 μνημόσυνον
718 1081 923 1137 ἑωυτοῦ
955 1078 1230 1137 λιπέσθαι
1263 1080 1431 1136 τοῦτο
1456 1076 1524 1136 τὰ
1550 1075 1631 1152 μή
1659 1075 1826 1156 ἄλλῳ
1855 1078 1942 1153 εἴη

324 1164 565 1239 βασιλέϊ
623 1163 1093 1246 κατεργασμένον,
1150 1164 1408 1242 ἐμιμέετο
1461 1168 1685 1223 τοῦτον·
1759 1169 1814 1228 ἐς
1871 1163 1940 1224 οὗ

328 1253 506 1328 ἔλαβε
531 1250 631 1312 τόν
656 1251 889 1328 μισθόν.
969 1256 1208 1329 Δαρεῖος
1233 1254 1338 1329 μὲν
1361 1278 1474 1331 γαρ
1501 1251 1742 1330 χρυσίον
1769 1252 1942 1312 καθα-

324 1338 575 1415 ρώτατον
628 1339 929 1418 ἀπεψήσας
990 1345 1047 1404 ἐς
1097 1366 1166 1400 το
1221 1339 1619 1407 δυνατώτατον,
1685 1340 1944 1417 νόμισμα

330 1427 600 1506 ἐκόψατο·
656 1427 961 1505 Ἀρυανδης
1005 1429 1065 1487 δὲ
1110 1454 1299 1507 αρχων
1338 1426 1628 1508 Αἰγύπτου
1673 1426 1943 1508 ἀργύριον

325 1541 503 1575 τωυτο
536 1519 706 1576 τοῦτο
744 1515 951 1575 ἐποίεε·
994 1517 1087 1574 καὶ
1114 1519 1212 1576 νῦν
1243 1517 1368 1575 ἐστὶ
1394 1513 1660 1594 ἀργύριον
1688 1515 1942 1594 καθαρώ-

326 1628 497 1662 τατον
520 1602 587 1663 τό
612 1603 992 1679 Ἀρυανδικόν.
1060 1603 1254 1680 μαθὼν
1283 1603 1341 1662 δὲ
1369 1602 1609 1678 Δαρεῖός
1633 1629 1732 1679 μιν
1758 1609 1941 1664 ταῦτα

324 1694 601 1761 ποιεῦντα,
630 1692 810 1767 αἰτίην
851 1693 905 1748 οῖ
944 1690 1132 1769 ἄλλην
1172 1691 1466 1761 ἐπενείκας,
1507 1688 1577 1753 ὥς
1619 1693 1672 1748 οἱ
1709 1692 1942 1751 ἐπανίσ-

236 1778 348 1837 167
368 1804 543 1846 ταιτο,
582 1777 888 1837 ἀπέκτεινε.
948 1779 1089 1838 Τότε
1114 1780 1176 1838 δὲ
1203 1777 1366 1842 οὗτος
1401 1778 1434 1838 ὅ
1468 1777 1776 1856 Ἀρυάνδης
1810 1806 1939 1838 κατ-

326 1862 597 1942 οικτείρας
654 1866 979 1941 Φερετίμην,
1039 1866 1184 1925 διδοῖ
1237 1865 1380 1945 αὐτῇ
1422 1865 1670 1943 στρατὸν
1722 1866 1824 1926 τὸν
1879 1868 1946 1937 ἐξ

327 1952 613 2034 Αἰγύπτου
656 1952 893 2025 ἅπαντα,
933 1955 1025 2013 καὶ
1061 1955 1160 2014 τόν
1191 1954 1362 2025 πεζὸν
1394 1954 1488 2013 καὶ
1519 1952 1619 2013 τᾶν
1655 1954 1939 2014 ναυτικόν·
1963 1946 1982 1965 ⁰

324 2068 648 2124 στρατη-γον
676 2042 733 2101 δὲ
760 2047 861 2101 τοῦ
887 2046 991 2120 μὲν
1021 2045 1193 2113 πεζοῦ
1219 2042 1479 2119 Αμασιν
1505 2040 1737 2111 ἀπέδεξε
1763 2041 1941 2119 ἄνδρα

326 2130 654 2207 Μαράφιον,
681 2134 780 2189 τοῦ
822 2132 881 2190 δὲ
922 2135 1182 2191 ναυτικοῦ
1216 2129 1458 2207 Βαδρην,
1498 2129 1660 2188 ἐόντα
1698 2136 1936 2207 Πασαρ-

322 2218 499 2298 γαδην
524 2220 703 2297 γένος.
787 2220 917 2296 πρὶν
944 2218 1062 2277 δὲ
1028 2245 1065 2295 η
1092 2218 1432 2278 αποσπεῖλαι
1457 2217 1562 2292 τήν
1583 2242 1938 2294 στρατιην,ο

322 2305 627 2385 Ἀρυανδης
646 2308 923 2385 πέμψας’
900 2333 953 2369 ες
978 2307 1082 2383 τὴν
1102 2306 1330 2384 Βάρκην
1351 2304 1579 2383 κήρυκα,
1602 2305 1940 2365 ἐπυνθάνετο

323 2396 407 2455 τίς
450 2396 531 2469 εἴη
574 2394 604 2453 ὁ
644 2394 1021 2469 Ἀρκεσίλεων
1060 2394 1388 2455 ἀποκτείνας
1399 2418 1414 2462 ;
1465 2396 1519 2453 οἱ
1563 2392 1623 2451 δὲ
1662 2396 1940 2469 Βαρκαῖοι

326 2480 482 2540 αὐτοὶ
524 2481 861 2539 ὖποὸεκέατο
902 2482 1122 2545 πάντες·
1178 2481 1374 2541 πολλά
1412 2507 1475 2542 τε
1514 2482 1626 2561 γαρ
1665 2480 1757 2539 καὶ
1795 2482 1940 2540 κακὰ

324 2568 568 2647 πάσχειν
586 2567 677 2627 ὑπ’
696 2566 885 2627 αὐτοῦ·
928 2570 1240 2645 πυθόμενος
1268 2569 1326 2628 δὲ
1351 2574 1528 2629 ταῦτα
1555 2568 1587 2628 ὅ
1612 2567 1934 2645 Ἀρυάνδης,

324 2657 466 2717 οὕτω
494 2657 559 2733 δή
587 2656 692 2732 τὴν
728 2655 1003 2733 στρατιὴν
1036 2656 1340 2717 ἀπέστειλε
1377 2658 1496 2736 ἅμα
1531 2661 1604 2735 τῇ
1639 2658 1938 2735 Φερετίμῃ.

328 2745 466 2822 αὕτη
506 2746 610 2821 μέν
650 2770 746 2805 νυν
787 2745 935 2821 αἰτίη
976 2746 1289 2824 πρόσχημα
1327 2751 1428 2805 τοῦ
1470 2745 1647 2826 λόγου
1697 2745 1931 2823 ἐγίνετο·

324 2832 685 2907 ἀπεπέμπετο
741 2833 800 2891 δὲ
853 2832 890 2907 ἦ
945 2834 1202 2911 στρατιή,
1259 2833 1329 2895 ὥς
1385 2834 1510 2910 ἐμοὶ
1565 2832 1791 2902 δοκέειν,
1842 2832 1937 2891 ἐπὶ

324 2918 555 2993 Λιβύων
585 2925 979 2998 καταστροφῇ·
1019 2920 1251 2996 Λιβύων
1291 2948 1401 3028 γαρ
1445 2921 1513 2998 δη
1548 2922 1708 2981 ἔθνεα
1739 2918 1935 2977 πολλα

325 3028 417 3059 και
436 3004 676 3063 παντοῖά
702 3010 844 3065 ἐστι·
889 3008 981 3064 καὶ
1006 3034 1078 3066 τα
1101 3011 1207 3084 μὲν
1243 3008 1424 3068 αυτῶν
1450 3008 1622 3088 ὀλίγα
1657 3008 1937 3084 βασιλέος

320 3085 391 3158 ἦν
414 3088 650 3163 υπ-ήκοα,
678 3117 749 3149 τα
778 3093 837 3149 δὲ
863 3096 1017 3152 πλέω
1040 3095 1328 3170 ἐφρόντιζε
1350 3097 1590 3173 Δαρείου
1620 3095 1796 3155 οὐδέν.

232 3168 346 3223 168
432 3176 697 3233 Οικέουσι
745 3178 805 3235 δὲ
849 3180 991 3238 κατοὶ
1022 3172 1172 3239 ταδε
1216 3184 1449 3258 Λίβυες·
1509 3181 1605 3242 ἀπ’
1645 3181 1935 3263 Αιγύπτου

326 3250 641 3327 ἀρξάμενοι,
661 3265 872 3335 πρῶτοι
886 3263 1291 3345 Ἀδυρμαχιὸαι
1305 3270 1538 3346 Λιβύων
1558 3270 1934 3345 κατοίκηνται·
