<?xml version="1.0" encoding="UTF-8"?>
<!DOCTYPE html PUBLIC "-//W3C//DTD XHTML 1.0 Transitional//EN"
    "http://www.w3.org/TR/xhtml1/DTD/xhtml1-transitional.dtd">
<html xmlns="http://www.w3.org/1999/xhtml" xml:lang="en" lang="en">
 <head>
  <title>
</title>
<meta http-equiv="Content-Type" content="text/html;charset=utf-8" />
  <meta name='ocr-system' content='tesseract 3.04.00' />
  <meta name='ocr-capabilities' content='ocr_page ocr_carea ocr_par ocr_line ocrx_word'/>
</head>
<body>
  <div class='ocr_page' id='page_1' title='image "./herodotus04blakgoog_0288.png"; bbox 0 0 2250 3500; ppageno 0'>
   <div class='ocr_carea' id='block_1_1' title="bbox 228 132 1934 3398">
    <p class='ocr_par' dir='ltr' id='par_1_1' title="bbox 228 132 1934 3365">
     <span class='ocr_line' id='line_1_1' title="bbox 328 132 1928 197; baseline 0.001 -14"><span class='ocrx_word' id='word_1_1' title='bbox 328 135 431 183; x_wconf 74' lang='lat'>266</span> <span class='ocrx_word' id='word_1_2' title='bbox 950 132 1322 184; x_wconf 70' lang='grc' dir='ltr'>ἮΡοΔοι-οἰ·</span> <span class='ocrx_word' id='word_1_3' title='bbox 1795 132 1928 197; x_wconf 83' lang='lat'>[111.</span> 
     </span>
     <span class='ocr_line' id='line_1_2' title="bbox 328 210 1934 321; baseline -0.001 -29"><span class='ocrx_word' id='word_1_4' title='bbox 328 212 431 321; x_wconf 68' lang='grc' dir='ltr'>ξας</span> <span class='ocrx_word' id='word_1_5' title='bbox 456 214 726 293; x_wconf 66' lang='grc' dir='ltr'>γέφυραν,</span> <span class='ocrx_word' id='word_1_6' title='bbox 766 218 828 273; x_wconf 75' lang='grc' dir='ltr'>ἐκ</span> <span class='ocrx_word' id='word_1_7' title='bbox 865 214 1045 289; x_wconf 75' lang='grc' dir='ltr'>τῆσδε</span> <span class='ocrx_word' id='word_1_8' title='bbox 1080 217 1186 289; x_wconf 68' lang='grc' dir='ltr'>τῆς</span> <span class='ocrx_word' id='word_1_9' title='bbox 1227 210 1464 289; x_wconf 63' lang='grc' dir='ltr'>ἠπείροιν</span> <span class='ocrx_word' id='word_1_10' title='bbox 1501 217 1560 275; x_wconf 65' lang='grc' dir='ltr'>ἐς</span> <span class='ocrx_word' id='word_1_11' title='bbox 1593 211 1702 287; x_wconf 71' lang='grc' dir='ltr'>τὴν</span> <span class='ocrx_word' id='word_1_12' title='bbox 1739 214 1934 290; x_wconf 72' lang='grc' dir='ltr'>ἑτέρην</span> 
     </span>
     <span class='ocr_line' id='line_1_3' title="bbox 324 298 1934 380; baseline 0.002 -21"><span class='ocrx_word' id='word_1_13' title='bbox 324 298 557 377; x_wconf 83' lang='grc' dir='ltr'>ἤπειρον</span> <span class='ocrx_word' id='word_1_14' title='bbox 580 301 675 359; x_wconf 76' lang='grc' dir='ltr'>ἐπὶ</span> <span class='ocrx_word' id='word_1_15' title='bbox 701 300 921 365; x_wconf 69' lang='grc' dir='ltr'>Σκύθας</span> <span class='ocrx_word' id='word_1_16' title='bbox 944 300 1374 378; x_wconf 74' lang='grc' dir='ltr'>στρατεύεσθαι·</span> <span class='ocrx_word' id='word_1_17' title='bbox 1413 299 1509 358; x_wconf 80' lang='grc' dir='ltr'>καὶ</span> <span class='ocrx_word' id='word_1_18' title='bbox 1529 302 1708 359; x_wconf 77' lang='grc' dir='ltr'>ταῦτα</span> <span class='ocrx_word' id='word_1_19' title='bbox 1731 298 1934 380; x_wconf 83' lang='grc' dir='ltr'>ολίγου</span> 
     </span>
     <span class='ocr_line' id='line_1_4' title="bbox 324 386 1933 468; baseline -0.001 -20"><span class='ocrx_word' id='word_1_20' title='bbox 324 387 533 466; x_wconf 84' lang='grc' dir='ltr'>χρόνου</span> <span class='ocrx_word' id='word_1_21' title='bbox 558 388 719 448; x_wconf 82' lang='grc' dir='ltr'>ἔσται</span> <span class='ocrx_word' id='word_1_22' title='bbox 740 387 1096 465; x_wconf 61' lang='grc' dir='ltr'>τελεύμενα.ω</span> <span class='ocrx_word' id='word_1_23' title='bbox 1147 389 1306 468; x_wconf 85' lang='grc' dir='ltr'>λέγει</span> <span class='ocrx_word' id='word_1_24' title='bbox 1318 386 1589 447; x_wconf 73' lang='grc' dir='ltr'>Ἀτοσσα</span> <span class='ocrx_word' id='word_1_25' title='bbox 1601 387 1754 447; x_wconf 84' lang='grc' dir='ltr'>τάδε·</span> <span class='ocrx_word' id='word_1_26' title='bbox 1783 388 1933 465; x_wconf 53' lang='grc' dir='ltr'>’(ὅρα</span> 
     </span>
     <span class='ocr_line' id='line_1_5' title="bbox 325 473 1934 554; baseline 0 -17"><span class='ocrx_word' id='word_1_27' title='bbox 325 500 439 546; x_wconf 83' lang='grc' dir='ltr'>νυν,</span> <span class='ocrx_word' id='word_1_28' title='bbox 468 481 525 540; x_wconf 85' lang='grc' dir='ltr'>ἐς</span> <span class='ocrx_word' id='word_1_29' title='bbox 564 476 785 541; x_wconf 74' lang='grc' dir='ltr'>Σκύθας</span> <span class='ocrx_word' id='word_1_30' title='bbox 821 480 927 554; x_wconf 82' lang='grc' dir='ltr'>μὲν</span> <span class='ocrx_word' id='word_1_31' title='bbox 964 477 1071 551; x_wconf 81' lang='grc' dir='ltr'>τήν</span> <span class='ocrx_word' id='word_1_32' title='bbox 1104 475 1332 553; x_wconf 70' lang='grc' dir='ltr'>πρώτην</span> <span class='ocrx_word' id='word_1_33' title='bbox 1364 477 1502 535; x_wconf 83' lang='grc' dir='ltr'>ἰέναι</span> <span class='ocrx_word' id='word_1_34' title='bbox 1543 476 1732 535; x_wconf 85' lang='grc' dir='ltr'>ἔασον·</span> <span class='ocrx_word' id='word_1_35' title='bbox 1775 473 1934 537; x_wconf 83' lang='grc' dir='ltr'>οὗτοι</span> 
     </span>
     <span class='ocr_line' id='line_1_6' title="bbox 323 561 1934 645; baseline 0.001 -21"><span class='ocrx_word' id='word_1_36' title='bbox 323 563 436 644; x_wconf 72' lang='grc' dir='ltr'>γὰρ</span> <span class='ocrx_word' id='word_1_37' title='bbox 463 564 631 625; x_wconf 70' lang='grc' dir='ltr'>ἐπεοῖν</span> <span class='ocrx_word' id='word_1_38' title='bbox 654 565 732 625; x_wconf 70' lang='grc' dir='ltr'>σι)</span> <span class='ocrx_word' id='word_1_39' title='bbox 762 564 957 645; x_wconf 77' lang='grc' dir='ltr'>βούλῃ</span> <span class='ocrx_word' id='word_1_40' title='bbox 992 565 1222 625; x_wconf 82' lang='grc' dir='ltr'>ἔσονταί</span> <span class='ocrx_word' id='word_1_41' title='bbox 1247 589 1356 623; x_wconf 84' lang='grc' dir='ltr'>τοι·</span> <span class='ocrx_word' id='word_1_42' title='bbox 1397 561 1474 623; x_wconf 67' lang='grc' dir='ltr'>σύ</span> <span class='ocrx_word' id='word_1_43' title='bbox 1498 563 1564 622; x_wconf 89' lang='grc' dir='ltr'>δέ</span> <span class='ocrx_word' id='word_1_44' title='bbox 1583 588 1685 639; x_wconf 91' lang='grc' dir='ltr'>μοι</span> <span class='ocrx_word' id='word_1_45' title='bbox 1711 563 1802 623; x_wconf 81' lang='grc' dir='ltr'>ἐπὶ</span> <span class='ocrx_word' id='word_1_46' title='bbox 1825 564 1934 641; x_wconf 79' lang='grc' dir='ltr'>τὴν</span> 
     </span>
     <span class='ocr_line' id='line_1_7' title="bbox 324 648 1930 731; baseline 0.001 -21"><span class='ocrx_word' id='word_1_47' title='bbox 324 650 583 713; x_wconf 70' lang='grc' dir='ltr'>Ἐλλάδα</span> <span class='ocrx_word' id='word_1_48' title='bbox 613 652 1041 730; x_wconf 75' lang='grc' dir='ltr'>στρατεύεσθαι·</span> <span class='ocrx_word' id='word_1_49' title='bbox 1083 652 1364 727; x_wconf 80' lang='grc' dir='ltr'>ἐπιθυμέω</span> <span class='ocrx_word' id='word_1_50' title='bbox 1384 651 1517 731; x_wconf 71' lang='grc' dir='ltr'>γάρ,</span> <span class='ocrx_word' id='word_1_51' title='bbox 1543 649 1699 730; x_wconf 75' lang='grc' dir='ltr'>λόγῳ</span> <span class='ocrx_word' id='word_1_52' title='bbox 1723 648 1930 712; x_wconf 81' lang='grc' dir='ltr'>πυνθα-</span> 
     </span>
     <span class='ocr_line' id='line_1_8' title="bbox 325 738 1931 819; baseline -0.001 -20"><span class='ocrx_word' id='word_1_53' title='bbox 325 741 547 817; x_wconf 84' lang='grc' dir='ltr'>νομένη,</span> <span class='ocrx_word' id='word_1_54' title='bbox 587 742 871 804; x_wconf 81' lang='grc' dir='ltr'>Λακαίνας</span> <span class='ocrx_word' id='word_1_55' title='bbox 906 741 974 800; x_wconf 86' lang='grc' dir='ltr'>τέ</span> <span class='ocrx_word' id='word_1_56' title='bbox 1009 764 1109 816; x_wconf 89' lang='grc' dir='ltr'>μοι</span> <span class='ocrx_word' id='word_1_57' title='bbox 1145 738 1416 819; x_wconf 88' lang='grc' dir='ltr'>γενέσθαι</span> <span class='ocrx_word' id='word_1_58' title='bbox 1455 738 1794 813; x_wconf 81' lang='grc' dir='ltr'>θεραπαίνας</span> <span class='ocrx_word' id='word_1_59' title='bbox 1835 740 1931 799; x_wconf 80' lang='grc' dir='ltr'>καὶ</span> 
     </span>
     <span class='ocr_line' id='line_1_9' title="bbox 320 823 1932 908; baseline 0 -22"><span class='ocrx_word' id='word_1_60' title='bbox 320 824 583 908; x_wconf 84' lang='grc' dir='ltr'>Ἀργείας</span> <span class='ocrx_word' id='word_1_61' title='bbox 608 829 703 886; x_wconf 85' lang='grc' dir='ltr'>καὶ</span> <span class='ocrx_word' id='word_1_62' title='bbox 731 827 991 890; x_wconf 80' lang='grc' dir='ltr'>Α’ττικοῖς</span> <span class='ocrx_word' id='word_1_63' title='bbox 1016 827 1110 885; x_wconf 82' lang='grc' dir='ltr'>καὶ</span> <span class='ocrx_word' id='word_1_64' title='bbox 1137 825 1458 902; x_wconf 81' lang='grc' dir='ltr'>Κορινθίας·</span> <span class='ocrx_word' id='word_1_65' title='bbox 1501 826 1647 903; x_wconf 80' lang='grc' dir='ltr'>ἔχεις</span> <span class='ocrx_word' id='word_1_66' title='bbox 1669 825 1732 883; x_wconf 76' lang='grc' dir='ltr'>δὲ</span> <span class='ocrx_word' id='word_1_67' title='bbox 1755 823 1932 903; x_wconf 72' lang='grc' dir='ltr'>ἄνδρα</span> 
     </span>
     <span class='ocr_line' id='line_1_10' title="bbox 323 912 1932 991; baseline -0.002 -17"><span class='ocrx_word' id='word_1_68' title='bbox 323 916 757 990; x_wconf 74' lang='grc' dir='ltr'>ἐπιτηδειότατον</span> <span class='ocrx_word' id='word_1_69' title='bbox 788 914 1005 991; x_wconf 82' lang='grc' dir='ltr'>άνδρῶν</span> <span class='ocrx_word' id='word_1_70' title='bbox 1036 914 1261 974; x_wconf 89' lang='grc' dir='ltr'>πάντων</span> <span class='ocrx_word' id='word_1_71' title='bbox 1295 914 1450 983; x_wconf 83' lang='grc' dir='ltr'>δέξαι</span> <span class='ocrx_word' id='word_1_72' title='bbox 1480 938 1545 972; x_wconf 88' lang='grc' dir='ltr'>τε</span> <span class='ocrx_word' id='word_1_73' title='bbox 1577 912 1790 973; x_wconf 76' lang='grc' dir='ltr'>’έκασ-τα</span> <span class='ocrx_word' id='word_1_74' title='bbox 1827 940 1932 989; x_wconf 79' lang='grc' dir='ltr'>της</span> 
     </span>
     <span class='ocr_line' id='line_1_11' title="bbox 321 998 1930 1082; baseline 0.001 -23.021"><span class='ocrx_word' id='word_1_75' title='bbox 321 1000 601 1065; x_wconf 79' lang='grc' dir='ltr'>Ἑλλάδος</span> <span class='ocrx_word' id='word_1_76' title='bbox 626 1003 719 1060; x_wconf 85' lang='grc' dir='ltr'>καὶ</span> <span class='ocrx_word' id='word_1_77' title='bbox 745 1002 1200 1082; x_wconf 83' lang='grc' dir='ltr'>κατηγήσασθαι,</span> <span class='ocrx_word' id='word_1_78' title='bbox 1218 1006 1420 1061; x_wconf 77' lang='grc' dir='ltr'>τοῦτον</span> <span class='ocrx_word' id='word_1_79' title='bbox 1439 1000 1501 1063; x_wconf 80' lang='grc' dir='ltr'>ὅς</span> <span class='ocrx_word' id='word_1_80' title='bbox 1525 1026 1632 1060; x_wconf 88' lang='grc' dir='ltr'>σευ</span> <span class='ocrx_word' id='word_1_81' title='bbox 1654 999 1757 1061; x_wconf 79' lang='grc' dir='ltr'>τᾶν</span> <span class='ocrx_word' id='word_1_82' title='bbox 1777 998 1930 1061; x_wconf 84' lang='grc' dir='ltr'>πόδα</span> 
     </span>
     <span class='ocr_line' id='line_1_12' title="bbox 322 1087 1930 1169; baseline 0.001 -22"><span class='ocrx_word' id='word_1_83' title='bbox 322 1087 585 1162; x_wconf 83' lang='grc' dir='ltr'>ἐξιήσατο</span> <span class='ocrx_word' id='word_1_84' title='bbox 592 1087 639 1146; x_wconf 82' lang='grc'>.”</span> <span class='ocrx_word' id='word_1_85' title='bbox 694 1088 992 1165; x_wconf 73' lang='grc' dir='ltr'>ἀμείβεται</span> <span class='ocrx_word' id='word_1_86' title='bbox 1008 1094 1268 1165; x_wconf 80' lang='grc' dir='ltr'>Δαρεῖος·</span> <span class='ocrx_word' id='word_1_87' title='bbox 1296 1099 1334 1124; x_wconf 87' lang='grc'><strong>“</strong></span> <span class='ocrx_word' id='word_1_88' title='bbox 1347 1088 1392 1147; x_wconf 79' lang='grc' dir='ltr'><em>ὦ</em></span> <span class='ocrx_word' id='word_1_89' title='bbox 1405 1087 1585 1169; x_wconf 79' lang='grc' dir='ltr'>γῦναι,</span> <span class='ocrx_word' id='word_1_90' title='bbox 1603 1087 1724 1147; x_wconf 82' lang='grc' dir='ltr'>ἐπεὶ</span> <span class='ocrx_word' id='word_1_91' title='bbox 1741 1090 1930 1149; x_wconf 80' lang='grc' dir='ltr'>τοίνυν</span> 
     </span>
     <span class='ocr_line' id='line_1_13' title="bbox 318 1175 1928 1259; baseline 0.001 -24"><span class='ocrx_word' id='word_1_92' title='bbox 318 1201 409 1235; x_wconf 92' lang='grc' dir='ltr'>τοι</span> <span class='ocrx_word' id='word_1_93' title='bbox 434 1175 611 1259; x_wconf 73' lang='grc' dir='ltr'>δοκέει</span> <span class='ocrx_word' id='word_1_94' title='bbox 632 1179 736 1251; x_wconf 86' lang='grc' dir='ltr'>τῆς</span> <span class='ocrx_word' id='word_1_95' title='bbox 758 1175 1037 1240; x_wconf 78' lang='grc' dir='ltr'>Ἑλλάδος</span> <span class='ocrx_word' id='word_1_96' title='bbox 1059 1176 1239 1252; x_wconf 80' lang='grc' dir='ltr'>ἡμέας</span> <span class='ocrx_word' id='word_1_97' title='bbox 1261 1179 1455 1253; x_wconf 80' lang='grc' dir='ltr'>πρῶτα</span> <span class='ocrx_word' id='word_1_98' title='bbox 1489 1175 1928 1253; x_wconf 73' lang='grc' dir='ltr'>ἀποπειρᾶσθαι,</span> 
     </span>
     <span class='ocr_line' id='line_1_14' title="bbox 324 1261 1930 1341; baseline 0.002 -19"><span class='ocrx_word' id='word_1_99' title='bbox 324 1262 715 1328; x_wconf 84' lang='grc' dir='ltr'>κατασκόπους</span> <span class='ocrx_word' id='word_1_100' title='bbox 753 1289 855 1341; x_wconf 88' lang='grc' dir='ltr'>μοι</span> <span class='ocrx_word' id='word_1_101' title='bbox 898 1263 1077 1323; x_wconf 88' lang='grc' dir='ltr'>δοκέει</span> <span class='ocrx_word' id='word_1_102' title='bbox 1122 1264 1393 1339; x_wconf 89' lang='grc' dir='ltr'>Περσέων</span> <span class='ocrx_word' id='word_1_103' title='bbox 1435 1266 1668 1340; x_wconf 68' lang='grc' dir='ltr'>πρῶτονι</span> <span class='ocrx_word' id='word_1_104' title='bbox 1701 1261 1930 1339; x_wconf 76' lang='grc' dir='ltr'>ἄμεινον</span> 
     </span>
     <span class='ocr_line' id='line_1_15' title="bbox 321 1350 1931 1433; baseline 0 -22"><span class='ocrx_word' id='word_1_105' title='bbox 321 1350 459 1412; x_wconf 83' lang='grc' dir='ltr'>εἶναι</span> <span class='ocrx_word' id='word_1_106' title='bbox 484 1351 627 1429; x_wconf 84' lang='grc' dir='ltr'>ὁμοῦ</span> <span class='ocrx_word' id='word_1_107' title='bbox 660 1351 838 1433; x_wconf 80' lang='grc' dir='ltr'>τούτῳ</span> <span class='ocrx_word' id='word_1_108' title='bbox 861 1355 941 1431; x_wconf 73' lang='grc' dir='ltr'>τῷ</span> <span class='ocrx_word' id='word_1_109' title='bbox 964 1352 1041 1412; x_wconf 73' lang='grc' dir='ltr'>σύ</span> <span class='ocrx_word' id='word_1_110' title='bbox 1068 1352 1253 1433; x_wconf 87' lang='grc' dir='ltr'>λέγεις</span> <span class='ocrx_word' id='word_1_111' title='bbox 1285 1353 1505 1427; x_wconf 85' lang='grc' dir='ltr'>πέμψαι</span> <span class='ocrx_word' id='word_1_112' title='bbox 1529 1356 1587 1414; x_wconf 88' lang='grc' dir='ltr'>ἐς</span> <span class='ocrx_word' id='word_1_113' title='bbox 1611 1350 1832 1414; x_wconf 73' lang='grc' dir='ltr'>αὐτούς·</span> <span class='ocrx_word' id='word_1_114' title='bbox 1871 1352 1931 1412; x_wconf 75' lang='grc' dir='ltr'>οἳ</span> 
     </span>
     <span class='ocr_line' id='line_1_16' title="bbox 317 1438 1930 1519; baseline 0 -20"><span class='ocrx_word' id='word_1_115' title='bbox 317 1439 588 1515; x_wconf 77' lang='grc' dir='ltr'>μαθόντες</span> <span class='ocrx_word' id='word_1_116' title='bbox 640 1441 733 1499; x_wconf 82' lang='grc' dir='ltr'>καὶ</span> <span class='ocrx_word' id='word_1_117' title='bbox 777 1440 985 1503; x_wconf 80' lang='grc' dir='ltr'>ἰδόντες</span> <span class='ocrx_word' id='word_1_118' title='bbox 1030 1440 1244 1499; x_wconf 75' lang='grc' dir='ltr'>ἕκαστα</span> <span class='ocrx_word' id='word_1_119' title='bbox 1285 1438 1480 1509; x_wconf 75' lang='grc' dir='ltr'>αὐτῶν,</span> <span class='ocrx_word' id='word_1_120' title='bbox 1526 1438 1930 1519; x_wconf 76' lang='grc' dir='ltr'>ἐξαγγελέουσι</span> 
     </span>
     <span class='ocr_line' id='line_1_17' title="bbox 316 1524 1926 1606; baseline -0.001 -18"><span class='ocrx_word' id='word_1_121' title='bbox 316 1527 471 1605; x_wconf 76' lang='grc' dir='ltr'>ἡμῖν·</span> <span class='ocrx_word' id='word_1_122' title='bbox 527 1530 619 1589; x_wconf 84' lang='grc' dir='ltr'>καὶ</span> <span class='ocrx_word' id='word_1_123' title='bbox 660 1530 849 1589; x_wconf 84' lang='grc' dir='ltr'>ἔπειτα</span> <span class='ocrx_word' id='word_1_124' title='bbox 890 1527 1320 1604; x_wconf 77' lang='grc' dir='ltr'>ἐξεπιστάμενος</span> <span class='ocrx_word' id='word_1_125' title='bbox 1361 1524 1446 1585; x_wconf 82' lang='grc' dir='ltr'>ἐπ’</span> <span class='ocrx_word' id='word_1_126' title='bbox 1493 1525 1692 1589; x_wconf 74' lang='grc' dir='ltr'>αὐτοῦς</span> <span class='ocrx_word' id='word_1_127' title='bbox 1724 1528 1926 1606; x_wconf 86' lang='grc' dir='ltr'>τρέψο-</span> 
     </span>
     <span class='ocr_line' id='line_1_18' title="bbox 228 1614 1925 1695; baseline 0.001 -20"><span class='ocrx_word' id='word_1_128' title='bbox 228 1617 339 1675; x_wconf 87' lang='grc'>135</span> <span class='ocrx_word' id='word_1_129' title='bbox 354 1615 510 1693; x_wconf 82' lang='grc' dir='ltr'>μαι.”</span> <span class='ocrx_word' id='word_1_130' title='bbox 564 1620 754 1677; x_wconf 81' lang='grc' dir='ltr'>Ταῦτα</span> <span class='ocrx_word' id='word_1_131' title='bbox 774 1617 913 1676; x_wconf 76' lang='grc' dir='ltr'>εἶπε·</span> <span class='ocrx_word' id='word_1_132' title='bbox 941 1618 1035 1675; x_wconf 80' lang='grc' dir='ltr'>καὶ</span> <span class='ocrx_word' id='word_1_133' title='bbox 1051 1616 1169 1692; x_wconf 80' lang='grc' dir='ltr'>ἅμα</span> <span class='ocrx_word' id='word_1_134' title='bbox 1191 1617 1321 1679; x_wconf 83' lang='grc' dir='ltr'>ἔπος</span> <span class='ocrx_word' id='word_1_135' title='bbox 1333 1640 1399 1674; x_wconf 88' lang='grc' dir='ltr'>τε</span> <span class='ocrx_word' id='word_1_136' title='bbox 1422 1614 1514 1673; x_wconf 83' lang='grc' dir='ltr'>καὶ</span> <span class='ocrx_word' id='word_1_137' title='bbox 1535 1615 1698 1695; x_wconf 83' lang='grc' dir='ltr'>ἔργον</span> <span class='ocrx_word' id='word_1_138' title='bbox 1721 1620 1925 1678; x_wconf 87' lang='grc' dir='ltr'>ἐποίεε·</span> 
     </span>
     <span class='ocr_line' id='line_1_19' title="bbox 322 1702 1924 1785; baseline -0.001 -21"><span class='ocrx_word' id='word_1_139' title='bbox 322 1704 447 1764; x_wconf 86' lang='grc' dir='ltr'>ἐπεί</span> <span class='ocrx_word' id='word_1_140' title='bbox 466 1729 529 1764; x_wconf 88' lang='grc' dir='ltr'>τε</span> <span class='ocrx_word' id='word_1_141' title='bbox 554 1703 663 1785; x_wconf 71' lang='grc' dir='ltr'>γάρ</span> <span class='ocrx_word' id='word_1_142' title='bbox 687 1704 936 1783; x_wconf 85' lang='grc' dir='ltr'>τάχιστα</span> <span class='ocrx_word' id='word_1_143' title='bbox 960 1702 1144 1782; x_wconf 84' lang='grc' dir='ltr'>ἤμέρη</span> <span class='ocrx_word' id='word_1_144' title='bbox 1171 1704 1481 1782; x_wconf 83' lang='grc' dir='ltr'>ἐπέλαμψε,</span> <span class='ocrx_word' id='word_1_145' title='bbox 1499 1703 1749 1766; x_wconf 87' lang='grc' dir='ltr'>καλέσας</span> <span class='ocrx_word' id='word_1_146' title='bbox 1775 1708 1924 1781; x_wconf 84' lang='grc' dir='ltr'>Περ·</span> 
     </span>
     <span class='ocr_line' id='line_1_20' title="bbox 315 1789 1927 1868; baseline 0.002 -18"><span class='ocrx_word' id='word_1_147' title='bbox 315 1791 462 1850; x_wconf 89' lang='grc' dir='ltr'>σέων</span> <span class='ocrx_word' id='word_1_148' title='bbox 492 1789 693 1868; x_wconf 76' lang='grc' dir='ltr'>ἄνδρας</span> <span class='ocrx_word' id='word_1_149' title='bbox 734 1791 995 1867; x_wconf 85' lang='grc' dir='ltr'>δοκίμους</span> <span class='ocrx_word' id='word_1_150' title='bbox 1026 1792 1438 1862; x_wconf 82' lang='grc' dir='ltr'>πεντεκαίδεκα,</span> <span class='ocrx_word' id='word_1_151' title='bbox 1459 1789 1786 1851; x_wconf 84' lang='grc' dir='ltr'>ἐνετέλλετό</span> <span class='ocrx_word' id='word_1_152' title='bbox 1808 1799 1927 1868; x_wconf 93' lang='grc' dir='ltr'>σφι</span> 
     </span>
     <span class='ocr_line' id='line_1_21' title="bbox 316 1878 1927 1957; baseline 0.002 -19"><span class='ocrx_word' id='word_1_153' title='bbox 316 1879 614 1956; x_wconf 78' lang='grc' dir='ltr'>ἑπομένους</span> <span class='ocrx_word' id='word_1_154' title='bbox 655 1879 977 1957; x_wconf 83' lang='grc' dir='ltr'>Δημοκήδεϊ</span> <span class='ocrx_word' id='word_1_155' title='bbox 1011 1879 1314 1949; x_wconf 76' lang='grc' dir='ltr'>διεξελθεῖν</span> <span class='ocrx_word' id='word_1_156' title='bbox 1353 1879 1426 1940; x_wconf 71' lang='grc' dir='ltr'>τὰ</span> <span class='ocrx_word' id='word_1_157' title='bbox 1470 1878 1927 1957; x_wconf 87' lang='grc' dir='ltr'>παραθαλάσσια</span> 
     </span>
     <span class='ocr_line' id='line_1_22' title="bbox 318 1965 1923 2046; baseline 0.001 -20"><span class='ocrx_word' id='word_1_158' title='bbox 318 1970 421 2042; x_wconf 83' lang='grc' dir='ltr'>τῆς</span> <span class='ocrx_word' id='word_1_159' title='bbox 444 1966 741 2030; x_wconf 85' lang='grc' dir='ltr'>Ἑλλάδος·</span> <span class='ocrx_word' id='word_1_160' title='bbox 790 1967 931 2032; x_wconf 82' lang='grc' dir='ltr'>ὅκως</span> <span class='ocrx_word' id='word_1_161' title='bbox 956 1993 1018 2028; x_wconf 92' lang='grc' dir='ltr'>τε</span> <span class='ocrx_word' id='word_1_162' title='bbox 1043 1967 1124 2046; x_wconf 77' lang='grc' dir='ltr'>μὴ</span> <span class='ocrx_word' id='word_1_163' title='bbox 1153 1965 1515 2044; x_wconf 79' lang='grc' dir='ltr'>διαδρήσεταί</span> <span class='ocrx_word' id='word_1_164' title='bbox 1537 1974 1724 2043; x_wconf 87' lang='grc' dir='ltr'>σφεας</span> <span class='ocrx_word' id='word_1_165' title='bbox 1747 1967 1781 2028; x_wconf 76' lang='grc' dir='ltr'>ὁ</span> <span class='ocrx_word' id='word_1_166' title='bbox 1806 1975 1923 2046; x_wconf 84' lang='grc' dir='ltr'>Δη-</span> 
     </span>
     <span class='ocr_line' id='line_1_23' title="bbox 312 2054 1922 2134; baseline 0.001 -19"><span class='ocrx_word' id='word_1_167' title='bbox 312 2054 576 2133; x_wconf 84' lang='grc' dir='ltr'>μοκήδης,</span> <span class='ocrx_word' id='word_1_168' title='bbox 612 2055 769 2117; x_wconf 86' lang='grc' dir='ltr'>α’λλά</span> <span class='ocrx_word' id='word_1_169' title='bbox 801 2082 901 2134; x_wconf 92' lang='grc' dir='ltr'>μιν</span> <span class='ocrx_word' id='word_1_170' title='bbox 922 2056 1142 2120; x_wconf 84' lang='grc' dir='ltr'>πάντως</span> <span class='ocrx_word' id='word_1_171' title='bbox 1177 2055 1362 2116; x_wconf 83' lang='grc' dir='ltr'>ὀπίσω</span> <span class='ocrx_word' id='word_1_172' title='bbox 1387 2054 1687 2126; x_wconf 78' lang='grc' dir='ltr'>α’πάξουσι.</span> <span class='ocrx_word' id='word_1_173' title='bbox 1755 2061 1922 2116; x_wconf 83' lang='grc' dir='ltr'>ἐντει-</span> 
     </span>
     <span class='ocr_line' id='line_1_24' title="bbox 316 2142 1924 2221; baseline 0.001 -18"><span class='ocrx_word' id='word_1_174' title='bbox 316 2143 559 2221; x_wconf 88' lang='grc' dir='ltr'>λάμενος</span> <span class='ocrx_word' id='word_1_175' title='bbox 591 2145 651 2205; x_wconf 80' lang='grc' dir='ltr'>δὲ</span> <span class='ocrx_word' id='word_1_176' title='bbox 686 2143 940 2205; x_wconf 79' lang='grc' dir='ltr'>τούτοισι</span> <span class='ocrx_word' id='word_1_177' title='bbox 969 2148 1162 2214; x_wconf 86' lang='grc' dir='ltr'>ταῦτα,</span> <span class='ocrx_word' id='word_1_178' title='bbox 1198 2143 1426 2221; x_wconf 77' lang='grc' dir='ltr'>δεύτερα</span> <span class='ocrx_word' id='word_1_179' title='bbox 1462 2143 1709 2206; x_wconf 85' lang='grc' dir='ltr'>καλέσας</span> <span class='ocrx_word' id='word_1_180' title='bbox 1748 2142 1924 2214; x_wconf 81' lang='grc' dir='ltr'>αι’τόν</span> 
     </span>
     <span class='ocr_line' id='line_1_25' title="bbox 316 2230 1922 2312; baseline 0.001 -21"><span class='ocrx_word' id='word_1_181' title='bbox 316 2233 653 2310; x_wconf 85' lang='grc' dir='ltr'>Δημοκήδεα</span> <span class='ocrx_word' id='word_1_182' title='bbox 678 2233 859 2292; x_wconf 88' lang='grc' dir='ltr'>ἐδέετο</span> <span class='ocrx_word' id='word_1_183' title='bbox 886 2231 1075 2302; x_wconf 71' lang='grc' dir='ltr'>αὐτοῦ,</span> <span class='ocrx_word' id='word_1_184' title='bbox 1103 2231 1242 2294; x_wconf 84' lang='grc' dir='ltr'>ὅκως</span> <span class='ocrx_word' id='word_1_185' title='bbox 1282 2230 1699 2312; x_wconf 82' lang='grc' dir='ltr'>ἐξηγησάμενος</span> <span class='ocrx_word' id='word_1_186' title='bbox 1723 2237 1922 2293; x_wconf 75' lang='grc' dir='ltr'>πᾶσαν</span> 
     </span>
     <span class='ocr_line' id='line_1_26' title="bbox 313 2317 1920 2398; baseline 0.001 -20"><span class='ocrx_word' id='word_1_187' title='bbox 313 2320 405 2378; x_wconf 87' lang='grc' dir='ltr'>καὶ</span> <span class='ocrx_word' id='word_1_188' title='bbox 432 2321 681 2390; x_wconf 80' lang='grc' dir='ltr'>ἐπιδέξας</span> <span class='ocrx_word' id='word_1_189' title='bbox 704 2319 811 2396; x_wconf 75' lang='grc' dir='ltr'>τήν</span> <span class='ocrx_word' id='word_1_190' title='bbox 834 2319 1089 2380; x_wconf 83' lang='grc' dir='ltr'>Ἑλλάδα</span> <span class='ocrx_word' id='word_1_191' title='bbox 1112 2324 1267 2380; x_wconf 83' lang='grc' dir='ltr'>τοῖσι</span> <span class='ocrx_word' id='word_1_192' title='bbox 1289 2320 1554 2398; x_wconf 86' lang='grc' dir='ltr'>Πέρσῃσι</span> <span class='ocrx_word' id='word_1_193' title='bbox 1574 2317 1758 2379; x_wconf 81' lang='grc' dir='ltr'>ὀπίσω</span> <span class='ocrx_word' id='word_1_194' title='bbox 1773 2319 1920 2394; x_wconf 83' lang='grc' dir='ltr'>ἥξει·</span> 
     </span>
     <span class='ocr_line' id='line_1_27' title="bbox 312 2406 1920 2486; baseline 0.002 -21"><span class='ocrx_word' id='word_1_195' title='bbox 312 2407 461 2483; x_wconf 75' lang='grc' dir='ltr'>δῶρα</span> <span class='ocrx_word' id='word_1_196' title='bbox 488 2409 551 2466; x_wconf 90' lang='grc' dir='ltr'>δέ</span> <span class='ocrx_word' id='word_1_197' title='bbox 571 2433 670 2483; x_wconf 88' lang='grc' dir='ltr'>μιν</span> <span class='ocrx_word' id='word_1_198' title='bbox 694 2412 773 2486; x_wconf 77' lang='grc' dir='ltr'>τῷ</span> <span class='ocrx_word' id='word_1_199' title='bbox 801 2409 974 2485; x_wconf 84' lang='grc' dir='ltr'>πατρὶ</span> <span class='ocrx_word' id='word_1_200' title='bbox 1015 2408 1107 2467; x_wconf 85' lang='grc' dir='ltr'>καὶ</span> <span class='ocrx_word' id='word_1_201' title='bbox 1142 2411 1296 2468; x_wconf 81' lang='grc' dir='ltr'>τοῖσι</span> <span class='ocrx_word' id='word_1_202' title='bbox 1331 2406 1667 2484; x_wconf 77' lang='grc' dir='ltr'>ἀδελφεοῖσι</span> <span class='ocrx_word' id='word_1_203' title='bbox 1700 2409 1920 2470; x_wconf 86' lang='grc' dir='ltr'>ἐκέλευε</span> 
     </span>
     <span class='ocr_line' id='line_1_28' title="bbox 313 2493 1920 2578; baseline 0.003 -24"><span class='ocrx_word' id='word_1_204' title='bbox 313 2493 499 2554; x_wconf 86' lang='grc' dir='ltr'>πάντα</span> <span class='ocrx_word' id='word_1_205' title='bbox 523 2493 595 2553; x_wconf 81' lang='grc' dir='ltr'>τοὶ</span> <span class='ocrx_word' id='word_1_206' title='bbox 623 2495 832 2556; x_wconf 86' lang='grc' dir='ltr'>ἐκείνου</span> <span class='ocrx_word' id='word_1_207' title='bbox 850 2495 1059 2554; x_wconf 85' lang='grc' dir='ltr'>ἔπιπλα</span> <span class='ocrx_word' id='word_1_208' title='bbox 1079 2495 1340 2572; x_wconf 84' lang='grc' dir='ltr'>λαβόντα</span> <span class='ocrx_word' id='word_1_209' title='bbox 1359 2495 1531 2578; x_wconf 74' lang='grc' dir='ltr'>ἄγειν,</span> <span class='ocrx_word' id='word_1_210' title='bbox 1554 2495 1668 2570; x_wconf 71' lang='grc' dir='ltr'>φσῖς</span> <span class='ocrx_word' id='word_1_211' title='bbox 1685 2494 1841 2556; x_wconf 73' lang='grc' dir='ltr'>ἄλλα</span> <span class='ocrx_word' id='word_1_212' title='bbox 1862 2501 1920 2559; x_wconf 81' lang='grc' dir='ltr'>οἶ</span> 
     </span>
     <span class='ocr_line' id='line_1_29' title="bbox 308 2581 1920 2662; baseline 0.003 -21"><span class='ocrx_word' id='word_1_213' title='bbox 308 2581 687 2659; x_wconf 87' lang='grc' dir='ltr'>παραπλήσια</span> <span class='ocrx_word' id='word_1_214' title='bbox 713 2582 1050 2644; x_wconf 73' lang='grc' dir='ltr'>ἀντιδώσειν·</span> <span class='ocrx_word' id='word_1_215' title='bbox 1082 2584 1225 2662; x_wconf 81' lang='grc' dir='ltr'>πρὸς</span> <span class='ocrx_word' id='word_1_216' title='bbox 1250 2584 1372 2656; x_wconf 85' lang='grc' dir='ltr'>ὃε,’</span> <span class='ocrx_word' id='word_1_217' title='bbox 1346 2610 1401 2648; x_wconf 83' lang='grc' dir='ltr'>ες</span> <span class='ocrx_word' id='word_1_218' title='bbox 1425 2584 1496 2644; x_wconf 84' lang='grc' dir='ltr'>τοὶ</span> <span class='ocrx_word' id='word_1_219' title='bbox 1523 2583 1673 2661; x_wconf 76' lang='grc' dir='ltr'>δῶρα</span> <span class='ocrx_word' id='word_1_220' title='bbox 1699 2585 1920 2646; x_wconf 81' lang='grc' dir='ltr'>ὁλκάδα</span> 
     </span>
     <span class='ocr_line' id='line_1_30' title="bbox 309 2671 1919 2753; baseline 0.004 -23"><span class='ocrx_word' id='word_1_221' title='bbox 309 2673 365 2730; x_wconf 83' lang='grc' dir='ltr'>οἱ</span> <span class='ocrx_word' id='word_1_222' title='bbox 390 2671 500 2748; x_wconf 87' lang='grc' dir='ltr'>ἔφη</span> <span class='ocrx_word' id='word_1_223' title='bbox 527 2672 963 2748; x_wconf 86' lang='grc' dir='ltr'>συμβαλέεσθαι</span> <span class='ocrx_word' id='word_1_224' title='bbox 988 2672 1220 2748; x_wconf 86' lang='grc' dir='ltr'>πλήσας</span> <span class='ocrx_word' id='word_1_225' title='bbox 1246 2671 1477 2753; x_wconf 73' lang='grc' dir='ltr'>αγαθῶν</span> <span class='ocrx_word' id='word_1_226' title='bbox 1502 2673 1795 2743; x_wconf 86' lang='grc' dir='ltr'>παντοίων,</span> <span class='ocrx_word' id='word_1_227' title='bbox 1811 2699 1919 2750; x_wconf 84' lang='grc' dir='ltr'>την</span> 
     </span>
     <span class='ocr_line' id='line_1_31' title="bbox 280 2759 1916 2839; baseline 0.001 -17"><span class='ocrx_word' id='word_1_228' title='bbox 280 2785 428 2835; x_wconf 85' lang='grc' dir='ltr'>,αμα</span> <span class='ocrx_word' id='word_1_229' title='bbox 468 2763 522 2820; x_wconf 82' lang='grc' dir='ltr'>οἶ</span> <span class='ocrx_word' id='word_1_230' title='bbox 559 2759 933 2820; x_wconf 82' lang='grc' dir='ltr'>πλεύσεσθαι.</span> <span class='ocrx_word' id='word_1_231' title='bbox 1002 2764 1241 2838; x_wconf 83' lang='grc' dir='ltr'>Δαρεῖος</span> <span class='ocrx_word' id='word_1_232' title='bbox 1271 2763 1376 2837; x_wconf 85' lang='grc' dir='ltr'>μὲν</span> <span class='ocrx_word' id='word_1_233' title='bbox 1402 2760 1490 2836; x_wconf 90' lang='grc' dir='ltr'>δη,</span> <span class='ocrx_word' id='word_1_234' title='bbox 1521 2760 1731 2821; x_wconf 87' lang='grc' dir='ltr'>δοκέειν</span> <span class='ocrx_word' id='word_1_235' title='bbox 1770 2764 1916 2839; x_wconf 74' lang='grc' dir='ltr'>ἐμοὶ,</span> 
     </span>
     <span class='ocr_line' id='line_1_32' title="bbox 308 2844 1915 2930; baseline 0.004 -26"><span class='ocrx_word' id='word_1_236' title='bbox 308 2844 404 2905; x_wconf 74' lang='grc' dir='ltr'>ἀπ’</span> <span class='ocrx_word' id='word_1_237' title='bbox 450 2847 672 2912; x_wconf 76' lang='grc' dir='ltr'>οὐδενος</span> <span class='ocrx_word' id='word_1_238' title='bbox 715 2847 949 2924; x_wconf 81' lang='grc' dir='ltr'>δολεροῦ</span> <span class='ocrx_word' id='word_1_239' title='bbox 996 2847 1128 2908; x_wconf 86' lang='grc' dir='ltr'>νόου</span> <span class='ocrx_word' id='word_1_240' title='bbox 1182 2848 1572 2930; x_wconf 85' lang='grc' dir='ltr'>ἐπαγγέλλετό</span> <span class='ocrx_word' id='word_1_241' title='bbox 1617 2875 1671 2907; x_wconf 91' lang='grc' dir='ltr'>οι</span> <span class='ocrx_word' id='word_1_242' title='bbox 1715 2854 1915 2910; x_wconf 82' lang='grc' dir='ltr'>ταῦτα·</span> 
     </span>
     <span class='ocr_line' id='line_1_33' title="bbox 309 2935 1916 3015; baseline 0.005 -25"><span class='ocrx_word' id='word_1_243' title='bbox 309 2935 645 3010; x_wconf 86' lang='grc' dir='ltr'>Δημοκήδης</span> <span class='ocrx_word' id='word_1_244' title='bbox 677 2935 736 2994; x_wconf 81' lang='grc' dir='ltr'>δὲ</span> <span class='ocrx_word' id='word_1_245' title='bbox 772 2935 961 2998; x_wconf 87' lang='grc' dir='ltr'>δείσας</span> <span class='ocrx_word' id='word_1_246' title='bbox 986 2935 1068 3011; x_wconf 86' lang='grc' dir='ltr'>μή</span> <span class='ocrx_word' id='word_1_247' title='bbox 1096 2935 1156 2994; x_wconf 78' lang='grc' dir='ltr'>εὖ</span> <span class='ocrx_word' id='word_1_248' title='bbox 1184 2940 1482 3015; x_wconf 75' lang='grc' dir='ltr'>ἐκπειρῷτο</span> <span class='ocrx_word' id='word_1_249' title='bbox 1508 2939 1763 3013; x_wconf 83' lang='grc' dir='ltr'>Δαρεῖος,</span> <span class='ocrx_word' id='word_1_250' title='bbox 1791 2937 1916 2998; x_wconf 79' lang='grc' dir='ltr'>οῧτι</span> 
     </span>
     <span class='ocr_line' id='line_1_34' title="bbox 305 3019 1913 3101; baseline 0.006 -25"><span class='ocrx_word' id='word_1_251' title='bbox 305 3020 621 3097; x_wconf 86' lang='grc' dir='ltr'>ἐπιδραμων</span> <span class='ocrx_word' id='word_1_252' title='bbox 650 3019 835 3082; x_wconf 83' lang='grc' dir='ltr'>πάντα</span> <span class='ocrx_word' id='word_1_253' title='bbox 873 3022 946 3081; x_wconf 82' lang='grc' dir='ltr'>τοὶ</span> <span class='ocrx_word' id='word_1_254' title='bbox 977 3022 1236 3098; x_wconf 85' lang='grc' dir='ltr'>διδόμενα</span> <span class='ocrx_word' id='word_1_255' title='bbox 1263 3023 1496 3095; x_wconf 87' lang='grc' dir='ltr'>ἐδέκετο,</span> <span class='ocrx_word' id='word_1_256' title='bbox 1524 3022 1681 3082; x_wconf 77' lang='grc' dir='ltr'>ἄλλα</span> <span class='ocrx_word' id='word_1_257' title='bbox 1707 3050 1778 3084; x_wconf 88' lang='grc' dir='ltr'>τα</span> <span class='ocrx_word' id='word_1_258' title='bbox 1805 3028 1913 3101; x_wconf 80' lang='grc' dir='ltr'>μὲν</span> 
     </span>
     <span class='ocr_line' id='line_1_35' title="bbox 307 3107 1914 3218; baseline 0.007 -57"><span class='ocrx_word' id='word_1_259' title='bbox 307 3107 507 3166; x_wconf 85' lang='grc' dir='ltr'>ἐωυτου</span> <span class='ocrx_word' id='word_1_260' title='bbox 534 3108 675 3167; x_wconf 71' lang='grc' dir='ltr'>κατὰ</span> <span class='ocrx_word' id='word_1_261' title='bbox 699 3109 887 3187; x_wconf 78' lang='grc' dir='ltr'>χώρην</span> <span class='ocrx_word' id='word_1_262' title='bbox 903 3111 1013 3218; x_wconf 85' lang='grc' dir='ltr'>ἔφη</span> <span class='ocrx_word' id='word_1_263' title='bbox 1041 3111 1452 3202; x_wconf 70' lang='grc' dir='ltr'>καταλείψειν’</span> <span class='ocrx_word' id='word_1_264' title='bbox 1427 3136 1516 3170; x_wconf 87' lang='grc' dir='ltr'>ινα</span> <span class='ocrx_word' id='word_1_265' title='bbox 1542 3110 1728 3171; x_wconf 81' lang='grc' dir='ltr'>ὀπίσω</span> <span class='ocrx_word' id='word_1_266' title='bbox 1751 3114 1914 3190; x_wconf 85' lang='grc' dir='ltr'>σφέα</span> 
     </span>
     <span class='ocr_line' id='line_1_36' title="bbox 300 3185 1916 3278; baseline 0.009 -32"><span class='ocrx_word' id='word_1_267' title='bbox 300 3185 630 3253; x_wconf 75' lang='grc' dir='ltr'>οἷπελθον”</span> <span class='ocrx_word' id='word_1_268' title='bbox 602 3219 739 3272; x_wconf 81' lang='grc' dir='ltr'>εχοι·</span> <span class='ocrx_word' id='word_1_269' title='bbox 791 3195 895 3272; x_wconf 65' lang='grc' dir='ltr'>τήν</span> <span class='ocrx_word' id='word_1_270' title='bbox 935 3196 1128 3272; x_wconf 88' lang='grc' dir='ltr'>μέντοι</span> <span class='ocrx_word' id='word_1_271' title='bbox 1175 3195 1391 3256; x_wconf 79' lang='grc' dir='ltr'>ὁλκάδα</span> <span class='ocrx_word' id='word_1_272' title='bbox 1429 3198 1536 3274; x_wconf 86' lang='grc' dir='ltr'>τήν</span> <span class='ocrx_word' id='word_1_273' title='bbox 1577 3203 1631 3258; x_wconf 81' lang='grc' dir='ltr'>οἱ</span> <span class='ocrx_word' id='word_1_274' title='bbox 1672 3204 1916 3278; x_wconf 86' lang='grc' dir='ltr'>Δαρεῖος</span> 
     </span>
     <span class='ocr_line' id='line_1_37' title="bbox 301 3275 1912 3398; baseline 0.016 -72"><span class='ocrx_word' id='word_1_275' title='bbox 301 3275 685 3355; x_wconf 80' lang='grc' dir='ltr'>ἐπαγγέλλετο</span> <span class='ocrx_word' id='word_1_276' title='bbox 730 3285 787 3344; x_wconf 82' lang='grc' dir='ltr'>ἐς</span> <span class='ocrx_word' id='word_1_277' title='bbox 836 3281 939 3356; x_wconf 81' lang='grc' dir='ltr'>τήν</span> <span class='ocrx_word' id='word_1_278' title='bbox 978 3280 1187 3398; x_wconf 78' lang='grc' dir='ltr'>δωρεὴν</span> <span class='ocrx_word' id='word_1_279' title='bbox 1225 3287 1382 3345; x_wconf 85' lang='grc' dir='ltr'>τοῖσι</span> <span class='ocrx_word' id='word_1_280' title='bbox 1424 3285 1778 3365; x_wconf 84' lang='grc' dir='ltr'>α’δελφεοΐσι,</span> <span class='ocrx_word' id='word_1_281' title='bbox 1822 3288 1912 3350; x_wconf 82' lang='grc' dir='ltr'>δέ·</span> 
     </span>
    </p>
   </div>
   <div class='ocr_carea' id='block_1_2' title="bbox 2220 4 2227 799">
    <p class='ocr_par' dir='ltr' id='par_1_2' title="bbox 2220 4 2227 799">
     <span class='ocr_line' id='line_1_38' title="bbox 2220 4 2227 799; baseline 0 0"><span class='ocrx_word' id='word_1_282' title='bbox 2220 4 2227 799; x_wconf 95' lang='lat' dir='ltr'> </span> 
     </span>
    </p>
   </div>
   <div class='ocr_carea' id='block_1_3' title="bbox 2214 1002 2231 3475">
    <p class='ocr_par' dir='ltr' id='par_1_3' title="bbox 2214 1002 2231 3475">
     <span class='ocr_line' id='line_1_39' title="bbox 2214 1002 2231 3475; baseline 0 0"><span class='ocrx_word' id='word_1_283' title='bbox 2214 1002 2231 3475; x_wconf 95' lang='lat' dir='ltr'> </span> 
     </span>
    </p>
   </div>
  </div>
 </body>
</html>
