2250 3500
328 127 426 177 144
919 119 1289 172 ἮΡοΔοτοτ
1820 119 1927 186 [Π.

321 200 628 278 μελαινέων
655 203 766 260 τῶν
790 200 1122 279 μαχομένων
1153 198 1294 274 πρός
1328 196 1459 262 τοῦς
1494 197 1628 275 ὅφις
1656 197 1757 274 ἥδε
1790 201 1928 278 ἰδέη·

318 293 432 348 τῶν
457 287 504 347 δ’
531 293 589 348 ἐν
613 289 756 348 ποσὶ
785 292 1014 365 μᾶλλον
1042 287 1371 364 εἷλευμένων
1395 289 1549 347 τοῖσι
1580 285 1931 364 ἀνθρώποισι

324 374 492 454 (διξαὶ
521 376 632 457 γὰρ
660 375 728 452 δή
763 380 875 436 εἶσι
911 378 969 436 αἱ
1001 374 1170 452 ἴβιες)
1198 373 1315 450 ἥδε·
1359 373 1502 452 ψιλή
1527 373 1632 450 τήν
1670 376 1931 453 κεφαλὴν

324 464 415 522 καὶ
439 463 543 539 τήν
563 463 749 542 δειρὴν
768 467 982 525 πᾶσαν·
1009 461 1181 538 λευκὴ
1201 465 1479 539 πτεροῖσι,
1496 462 1651 538 πλὴν
1673 468 1931 541 κεφαλῆς

326 552 418 610 καὶ
443 549 674 632 αὐχένος
697 553 792 618 καὶ
817 550 998 629 ἄκρων
1015 554 1125 611 τῶν
1144 547 1433 630 πτερύγων
1454 550 1668 610 καὶτοῦ
1686 553 1931 632 πυγαίου

324 638 514 719 ἄκρου·
539 646 717 702 ταῦτα
742 640 803 700 δὲ
827 639 900 701 τὰ
921 639 1076 699 εἶπον
1093 637 1280 698 πάντα
1304 637 1547 714 μέλαινά
1573 642 1699 699 ἐστι
1725 638 1929 704 δεινῶς·

325 729 536 789 σκέλεα
566 728 625 788 δὲ
661 729 754 788 καὶ
789 726 1096 804 πρόσωπον
1130 725 1379 804 ἐμφερής
1406 729 1480 804 τῇ
1514 726 1691 804 ἑτέρῃ·
1731 731 1833 787 τοῦ
1868 729 1931 790 δὲ

325 814 489 893 ὄφιος
513 815 552 892 ἦ
577 815 774 894 μορφὴ
801 815 892 892 οἶη
917 840 1024 892 περ
1048 818 1160 874 τῶν
1184 812 1380 892 ὕδρων·
1416 815 1595 874 πτίλα
1620 813 1681 873 δὲ
1708 840 1773 876 ου
1798 841 1930 876 πτε-

325 903 476 980 ρωτοὶ
524 904 732 981 φορέει,
779 901 935 962 ἄλλα
974 905 1129 962 τοῖσι
1169 905 1270 978 τῆς
1311 901 1624 980 νυκτερίδος
1668 906 1931 980 πτεροῖσι

324 990 582 1067 μάλιστά
613 1016 682 1066 κη
711 990 1124 1068 ἐμφερέστατα·
1164 991 1417 1050 τοσαῦτα
1438 991 1544 1067 μὲν
1570 989 1775 1068 θηρίων
1798 992 1931 1069 πέρι

329 1079 458 1155 ἶρῶν
485 1078 744 1155 εἷρήσθω.
965 1127 972 1134 .

233 1165 307 1227 77
407 1163 604 1226 Αὔτῶν
639 1165 699 1226 δὲ
736 1164 805 1241 δή
834 1164 1154 1246 Αἰγυπτίων
1184 1164 1239 1224 οἳ
1272 1165 1377 1242 μὲν
1406 1163 1537 1241 περὶ
1563 1162 1671 1240 τήν
1698 1189 1930 1243 σπειρο-

324 1253 497 1330 μένην
521 1253 807 1335 Αἵγυπτον
833 1254 1091 1324 οἰκέουσι,
1118 1250 1350 1329 μνήμην
1374 1250 1677 1328 ἀνθρώπων
1706 1251 1931 1314 πάντων

326 1342 692 1406 ἐπασκέοντες
730 1341 1002 1420 μάλιστα,
1044 1338 1386 1421 λογιώτατοί
1430 1342 1543 1399 εἶσι
1585 1344 1781 1420 μακρῷ
1818 1345 1930 1402 τῶν

327 1430 435 1512 ἐγώ
473 1435 528 1496 ἐς
567 1429 855 1510 διάπειραν
887 1429 1190 1507 ἀπικόμην.
1256 1427 1447 1507 τρόπῳ
1479 1428 1540 1487 δὲ
1573 1426 1704 1504 ζόης
1737 1429 1930 1508 τοιῷδε

327 1517 704 1598 διαχρέωνται·
737 1518 1112 1596 συρμαΐζουσι
1131 1519 1278 1593 τρεῖς
1301 1515 1512 1592 ἡμέρας
1532 1515 1731 1591 ἐπεξῆς
1755 1517 1931 1593 μηνός

327 1607 566 1667 ἑκάστου
608 1607 857 1682 ἐμέτοισι
891 1604 1201 1682 θηρώμενοι
1238 1602 1343 1678 τὴν
1374 1602 1587 1684 ὑγιείην
1622 1603 1715 1662 καὶ
1753 1603 1930 1664 κλύσ-

322 1719 486 1771 μασι,
515 1693 828 1770 νομίζοντες
863 1690 976 1753 ἆπό
1009 1694 1120 1752 τῶν
1155 1689 1473 1769 τρεφόντων
1508 1690 1701 1753 σιτίων
1739 1690 1931 1757 πάσας

323 1806 425 1846 τας
463 1780 699 1844 νούσους
737 1784 892 1841 τοῖσι
931 1778 1279 1857 ἀνθρωποισι
1316 1780 1595 1861 γίνεσθαι.
1672 1781 1785 1840 εἶσὶ
1823 1784 1930 1858 μὲν

324 1895 435 1949 γαρ
463 1869 555 1927 καὶ
581 1868 769 1932 ἄλλως
796 1865 1094 1949 Αἰγύπτιοι
1118 1894 1262 1946 μετα
1288 1867 1569 1944 Λίβυας“
1534 1868 1931 1949 υγιηρέστατοι

323 1956 545 2018 πάντων
569 1955 887 2035 ἅνθρωπων,
913 1960 1023 2017 τῶν
1057 1956 1256 2035 ὦρέων
1264 1955 1497 2035 (δοκέειν
1530 1957 1677 2037 ἐμοὶ)
1707 1957 1927 2029 εἵνεκεν,

322 2045 413 2107 ὅτι
436 2046 502 2107 ov'
526 2044 1001 2124 μεταλλάσσουσι
1027 2048 1086 2104 αἱ
1111 2041 1267 2122 ὧραι·
1302 2048 1361 2103 ἐν
1384 2069 1497 2124 γαρ
1517 2048 1655 2123 τ-ᾒσι
1679 2047 1927 2121 μεταβο-

324 2137 469 2216 λῇσι
493 2138 647 2195 τοῖσι
677 2132 1023 2211 ἀνθρώποισι
1053 2134 1113 2191 αἱ
1143 2135 1340 2193 νοῦσοι
1374 2132 1633 2207 μάλιστα
1657 2132 1927 2214 γίνονται,

322 2227 433 2284 τῶν
455 2249 519 2285 τε
541 2221 732 2283 ἄλλων
751 2222 972 2284 πάντων
991 2222 1083 2281 καὶ
1109 2220 1178 2297 δὴ
1200 2221 1294 2279 καὶ
1316 2223 1429 2280 τῶν
1450 2218 1631 2296 ὁρέων
1647 2220 1926 2299 μάλιστα.

323 2310 744 2392 α’ρτοφαγέουσι
779 2310 840 2369 δὲ
875 2315 935 2370 ἐκ
970 2313 1082 2371 τῶν
1116 2308 1360 2386 ὀλυρέων
1394 2311 1679 2373 ποιεῦντες
1709 2307 1925 2385 ἄρτους,

321 2398 452 2462 τούς
486 2401 684 2457 ἐκεῖνοι
721 2397 1030 2472 κυλλήστις
1061 2395 1421 2474 ὀνομάζουσι.
1489 2396 1617 2476 οἴνῳ
1644 2395 1689 2457 δ’
1719 2401 1781 2456 ἐκ
1810 2423 1925 2475 κρι-

325 2486 463 2545 θέων
487 2484 838 2565 πεποιημένῳ
863 2483 1242 2565 διαχρέωνται·
1276 2482 1341 2545 οὗ
1368 2482 1477 2565 γάρ
1500 2484 1616 2560 σφί
1639 2486 1749 2543 εἶσι
1776 2489 1837 2545 ἐν
1852 2490 1927 2565 τῇ

321 2572 478 2653 χώρῃ
530 2570 794 2650 ἄμπελοι.
879 2572 1083 2652 ἰχθύων
1136 2572 1198 2631 δὲ
1248 2571 1377 2635 τούς
1420 2575 1525 2649 μὲν
1573 2570 1715 2649 πρός
1759 2570 1927 2647 ἥλιον

324 2660 620 2742 αὐήναντες
647 2658 829 2738 ὦμοῦς
854 2660 1152 2731 σιτέονται,
1173 2659 1303 2723 τούς
1330 2660 1389 2720 δὲ
1416 2660 1479 2730 ἐξ
1502 2658 1689 2736 ἅλμης
1713 2684 1927 2737 τεταρι-

320 2752 638 2830 χευμένους.
700 2748 933 2827 ὀρνίθων
959 2750 1018 2810 δὲ
1043 2747 1174 2813 τούς
1198 2773 1261 2808 τε
1287 2746 1526 2829 ὄρτυγας
1546 2748 1639 2806 καὶ
1663 2747 1765 2812 τοὶς
1792 2748 1925 2824 νήσ-

323 2864 433 2903 σας
457 2840 550 2905 καὶ
575 2836 647 2899 τοὶ
674 2837 888 2915 σμικροὶ
913 2840 1024 2897 τῶν
1050 2835 1305 2913 ὄρνιθίων
1325 2835 1450 2914 ὠμοὶ
1470 2835 1769 2907 σιτέονται,
1788 2861 1927 2913 προ-

320 2926 769 3004 ταριχεύσαντες·
808 2926 883 2985 τιὶ
913 2925 971 2984 δὲ
1004 2923 1161 2983 ἅλλα
1191 2922 1305 2983 ὅσα
1330 2922 1368 2999 ἢ
1401 2922 1632 3001 ὀρνίθων
1656 2922 1695 3000 ἢ
1722 2923 1927 3003 ἰχθύων

322 3012 451 3071 ἐστί
485 3019 596 3089 σφι
639 3011 895 3091 ἐχόμενα,
926 3012 1095 3090 χωρὶς
1124 3009 1164 3086 ἢ
1196 3008 1394 3070 ὁκόσοι
1434 3017 1547 3087 σφι
1590 3012 1699 3088 ἱροὶ
1728 3011 1926 3072 ἀποδε-

319 3098 566 3176 δέχαται,
591 3100 721 3163 τοῦς
752 3100 988 3161 λοιποῦς
1022 3097 1229 3160 ὀπτοῧς
1262 3098 1355 3155 καὶ
1382 3098 1588 3174 ἐφθοῦς
1620 3101 1925 3160 σιτέονται.

231 3179 308 3239 78
321 3181 420 3241 Ἐν
437 3185 497 3242 δὲ
520 3190 657 3262 τῇσι
682 3187 1038 3264 συνουσίῃσι,
1055 3188 1212 3243 τοῖσι
1238 3183 1531 3262 εὐδαίμοσι
1556 3185 1738 3247 αὐτῶν
1760 3187 1930 3249 ἐπεὰν

321 3264 436 3333 ἀπὸ
461 3269 683 3331 δείπνου
699 3272 964 3351 γένωνται
990 3270 1279 3347 περιφέρει
1306 3270 1449 3348 οἷνήρ
1469 3272 1666 3348 νεκρόν
1687 3278 1745 3335 ἐν
1772 3280 1930 3355 σορῷ
