2250 3500
308 121 590 184 121-125]
874 121 1329 172 MEAIIOMENH.
1811 127 1904 174 329

308 201 398 260 διοὶ
422 205 524 276 τῆς
552 200 941 275 Σκυθικῆς·καὶ
965 205 1067 276 τῆς
1092 202 1505 278 Σαυρομάτιδος
1539 203 1740 283 χώρης,
1769 207 1822 263 οἱ
1849 205 1909 263 δὲ

308 291 461 368 εἶχον
492 288 651 348 οὐδὲν
678 289 955 358 σίνεσθαι,
984 289 1082 349 ὅτε
1105 293 1208 364 τῆς
1239 289 1424 369 χώρης
1450 291 1651 368 ἐούσης
1675 294 1905 371 χέρσου·

310 380 433 438 ἐπεί
468 404 532 441 τε
572 379 631 438 δὲ
672 383 728 442 ἐς
765 378 869 454 τήν
905 381 1017 440 τῶν
1062 379 1341 440 Βουδίνων
1379 381 1565 459 χώρην
1606 383 1907 458 ἐσέβαλον,

309 469 548 527 ἐνθαῦτα
583 466 651 542 δὴ
693 467 1009 545 ἐντυχόντες
1032 470 1109 546 τῷ
1135 468 1334 547 ξυλίνῳ
1370 469 1558 546 τείχεϊ,
1588 471 1909 530 ἐκλελοιπό-

306 581 415 614 των
446 558 555 614 τῶν
586 555 862 614 Βουδίνων
889 554 981 614 καὶ
1018 556 1386 631 κεκενωμένου
1411 561 1510 616 τοῦ
1537 557 1749 635 τείχεος
1774 557 1908 618 πάν-

306 668 433 713 των,
472 642 785 719 ἐνέπρησαν
818 642 971 702 αὐτό·
1011 648 1181 703 τοῦτο
1217 643 1278 702 δὲ
1311 644 1649 719 ποιήσαντες
1689 644 1910 705 εἵποντο

308 732 416 789 αἰεὶ
441 729 508 790 τό
535 729 733 807 πρόσω
759 730 899 789 κατοὶ
926 731 1150 808 στίβον,
1171 736 1226 794 ἐς
1253 729 1286 790 ὃ
1311 731 1683 801 διεξελθόντες
1706 732 1911 808 ταύτην

310 823 366 881 ἐς
400 817 505 893 τὴν
537 821 745 894 ἐρῆμον
780 817 1064 878 ἀπίκοντο·
1086 818 1144 894 ἦ
1177 819 1238 878 δὲ
1271 823 1474 896 ἐρῆμος
1509 819 1648 895 αὕτη
1685 818 1796 879 dm?
1823 819 1912 878 ού-

310 906 501 983 δαμῶν
526 905 749 982 νέμεται
775 903 1006 981 ἀνδρῶν·
1048 907 1231 966 κέεται
1257 906 1317 964 δὲ
1343 906 1481 983 ὑπὲρ
1507 911 1609 981 τῆς
1633 907 1912 967 Βουδίνων

308 994 495 1072 χώρης
522 997 694 1052 ἐοῦσα
718 993 940 1068 πλῆθος
964 993 1102 1052 ἐπταῖ
1129 992 1376 1071 ἡμερέων
1396 993 1546 1054 ὁδοῦ·
1576 993 1715 1071 ὖπὲρ
1737 995 1796 1054 δὲ
1810 1001 1912 1071 τῆς

312 1081 520 1158 ἐρήμου
560 1080 923 1160 Θυσσαγέται
963 1081 1227 1140 οἰκέουσι·
1267 1082 1513 1158 ποταμοὶ
1545 1081 1605 1140 δὲ
1643 1082 1705 1152 ἐξ
1733 1081 1912 1144 αὐτῶν

308 1170 576 1246 τέσσερες
600 1166 842 1250 μεγάλοι
865 1169 1085 1244 ῥέοντες
1110 1168 1201 1227 διὰ
1226 1171 1522 1244 Μαιητέων
1547 1169 1830 1230 ἐκδιδοῦσι
1857 1175 1912 1235 ἐς

309 1257 414 1332 τὴν
437 1257 645 1333 λίμνην
667 1256 773 1332 τήν
798 1257 1142 1332 καλεομένην
1167 1260 1430 1330 Μαιῆτιν,
1451 1260 1604 1316 τοῖσι
1631 1256 1912 1333 ούνόματα

312 1346 495 1403 κέεται
518 1343 666 1412 τάδε,
692 1343 891 1411 Λύκος,
938 1349 1139 1418 Οαρος,
1176 1341 1394 1411 Τάναϊς,
1423 1343 1643 1424 Σύργις.
1709 1342 1870 1402 Ἐπεὶ
1890 1347 2004 1404 124

313 1431 387 1491 ὧν
420 1431 453 1491 ὅ
495 1434 729 1508 Δαρεῖος
764 1430 909 1507 ἦλθε
950 1435 1006 1493 ἐς
1034 1429 1140 1505 τήν
1165 1433 1388 1507 ἐρῆμον,
1416 1429 1771 1506 παυσάμενος
1809 1435 1911 1491 τοῦ

312 1518 521 1597 δρόμου
570 1519 760 1596 ἵδρυσε
810 1516 913 1594 τὴν
956 1516 1228 1593 στρατιὴν
1281 1517 1372 1576 ἐπὶ
1426 1521 1658 1596 ποταμῷ
1706 1517 1910 1597 Ὀάρῳ·

310 1610 480 1666 τοῦτο
522 1607 581 1666 δὲ
616 1605 864 1682 ποιήσας
894 1604 1037 1664 ὂκτώ
1066 1603 1258 1684 τείχεα
1289 1604 1494 1683 ἐτείχεε
1527 1604 1752 1686 μεγάλα
1785 1606 1911 1666 ἴσον

312 1692 409 1753 ἀπ’
446 1692 715 1771 ἀλλήλων
750 1692 1049 1773 ἀπέχοντα,
1091 1693 1353 1758 σταδίους
1394 1693 1466 1757 ὥς
1505 1693 1768 1770 ἑξήκοντα
1808 1693 1913 1772 μά-

312 1782 489 1842 λιστά
522 1808 610 1858 κη·
648 1785 759 1842 τῶν
795 1782 875 1841 ἔτι
916 1786 972 1843 ἐς
1002 1782 1099 1858 ἐμὲ
1129 1782 1203 1842 τὰ
1240 1783 1452 1860 ἐρείπια
1477 1786 1602 1841 σῶα
1626 1781 1716 1859 ἦν.
1787 1788 1846 1843 ἐν
1871 1780 1914 1861 ᾧ

314 1870 375 1929 δὲ
394 1868 562 1933 οὗτος
586 1870 727 1948 πρὸς
747 1872 923 1929 ταῦτα
960 1868 1246 1946 ἐτράπετο,
1276 1873 1330 1929 οἶ
1355 1870 1675 1946 διωκόμενοι
1701 1870 1911 1934 Σκύθαι

313 1958 700 2035 περιελθόντες
729 1956 800 2016 τοὶ
834 1955 1146 2033 κατύπερθε
1175 1956 1534 2033 ὑπέστρεφον
1559 1962 1614 2019 ἐς
1647 1958 1752 2032 τήν
1778 1959 1916 2021 Σκυ-

316 2044 499 2121 θικήν·
554 2044 977 2121 ἀφανισθέντων
1027 2043 1087 2102 δὲ
1139 2041 1346 2102 τούτων
1395 2042 1462 2101 τὸ
1508 2042 1788 2117 παράπαν,
1847 2044 1918 2107 ὥς

316 2132 499 2192 οὐκέτι
540 2129 915 2209 ἐφαντάζοντό
951 2135 1081 2205 σφι,
1110 2129 1251 2188 οὕτω
1293 2127 1362 2204 δή
1394 2128 1426 2188 ὁ
1460 2132 1695 2205 Δαρεῖος
1726 2130 1916 2209 τείχεα

312 2222 419 2298 μὲν
446 2224 625 2279 ἐκεῖνα
656 2219 897 2299 ἡμίεργα
922 2221 1145 2294 μετῆκε,
1174 2215 1340 2279 αὖτὸς
1364 2216 1424 2275 δὲ
1447 2216 1806 2293 ὖποστρέψας
1829 2216 1919 2291 ἤϊε

315 2306 456 2385 πρὸς
483 2308 742 2384 ἑσπέρην,
757 2306 960 2365 δοκεων
984 2304 1212 2367 τούτους
1235 2330 1298 2363 τε
1323 2303 1534 2369 πάντας
1551 2303 1679 2367 τοῦς
1699 2304 1918 2369 Σκύθας

317 2396 459 2455 εἶναι
484 2397 574 2453 καὶ
601 2394 741 2472 πρός
766 2394 1011 2471 ἑσπέρην
1036 2393 1220 2468 σφέας
1247 2390 1493 2472 φεύγειν.

397 2482 681 2542 Ἐλαύνων
720 2481 781 2540 δὲ
817 2480 937 2555 τὴν·
961 2480 1239 2559 ταχίστην
1276 2480 1377 2540 τόν
1417 2480 1678 2557 στρατόν,
1721 2479 1792 2545 ὥς
1826 2484 1880 2543 ἐς
1899 2482 2014 2539 125

315 2570 423 2647 τὴν
466 2569 742 2645 Σκυθικήν
786 2567 1033 2637 οἷπίκετο,
1078 2569 1338 2645 ἐνέκυρσε
1384 2567 1743 2648 ἀμφοτέρῃσι
1782 2573 1920 2647 τῇσι

313 2658 552 2737 μοίρῃσι
592 2662 703 2717 τῶν
738 2656 1015 2725 Σκυθέων,
1048 2657 1290 2735 ἐντυχών
1332 2656 1408 2726 δὲ,
1454 2656 1640 2715 ἐδίωκε
1675 2655 1923 2731 ἠῖπεκφέ-

313 2772 517 2824 ροντας
549 2744 761 2823 ἡμέρης
800 2744 927 2823 ὁδῷ·
970 2744 1077 2814 καὶ,
1114 2743 1180 2803 οὖ
1211 2743 1324 2822 γάρ
1355 2743 1496 2801 α’,νίει
1535 2742 1702 2802 ἐπιών
1738 2741 1770 2801 ὅ
1809 2750 1922 2801 Δα-

314 2838 481 2913 ρεῖος,
512 2837 567 2893 οἱ
602 2834 813 2897 Σκύθαι
850 2832 991 2893 κατὰ
1029 2830 1102 2891 τοὶ
1135 2830 1565 2906 βεβουλευμένα
1604 2829 1924 2909 ὑπέφευγον

319 2928 375 2985 ἐς
398 2923 512 2982 τῶν
538 2919 927 2997 ἀπειπαμένων
950 2918 1055 2995 τὴν
1080 2916 1362 2992 σφετέρην
1389 2917 1735 2994 συμμαχίην·
1775 2914 1923 2991 πρώ-

316 3035 424 3085 την
455 3008 531 3079 δὲ,
562 3014 617 3073 ἐς
648 3013 758 3069 τῶν
784 3004 1238 3088 Μελαγχλαίνων
1261 3002 1366 3079 τήν
1393 3007 1522 3083 γῆν·
1563 3002 1633 3065 ὥς
1658 3003 1717 3062 δὲ
1743 3003 1921 3078 ἐσβα-

320 3097 517 3160 λόντες
542 3095 771 3159 τούτους
797 3094 1066 3170 ἐτάραξαν
1093 3092 1235 3152 οἵτε
1262 3089 1473 3157 Σκύθαι
1489 3090 1582 3149 καὶ
1607 3094 1660 3150 οἳ
1681 3089 1922 3167 Πέρσαι,

323 3185 661 3265 κατηγέοντο
708 3187 761 3243 οἱ
814 3182 1027 3245 Σκύθαι
1079 3186 1135 3243 ἐς
1184 3182 1296 3239 τῶν
1346 3177 1746 3257 Ἀνδροφάγων
1796 3177 1928 3240 τοῦς

322 3270 556 3352 χώρους·
608 3270 995 3349 ταραχθέντων
1042 3268 1102 3327 δὲ
1157 3268 1248 3327 καὶ
1289 3266 1516 3337 τούτων,
1570 3266 1789 3343 ὖπῆγον
1833 3266 1926 3325 ἐπὶ

484 3358 545 3401 26
