2250 3500
341 115 437 166 116
959 111 1325 162 ἮΡοΔοτοί·
1844 111 1947 176 [n.

341 195 527 269 λικίην
571 191 676 270 τήν
723 190 835 253 ύπό
888 190 1154 261 Κιλίκων,
1200 190 1291 250 καὶ
1334 189 1647 267 Ἀσσυρίην
1685 187 1790 266 τὴν
1836 189 1950 254 §wa

340 280 678 357 Ἀσσυρίων.
761 279 1005 357 οὔρισμα
1046 279 1107 339 δὲ
1146 280 1316 357 Ἀσίῃ
1352 277 1443 337 καὶ
1484 277 1675 356 Λιβύῃ
1718 279 1951 356 οἴδαμεν

343 368 500 429 οὐδὲν
527 369 616 429 ε’ὁν
651 368 798 446 ὀρθῷ
823 366 993 448 λόγῳ,
1023 370 1070 425 εἰ
1100 366 1183 442 μή
1217 365 1347 429 τοῦς
1386 365 1703 445 Αἰγυπτίων
1730 365 1947 443 οὔρους.

343 461 393 516 εἷ
445 457 505 516 δὲ
555 461 632 536 τῷ
682 457 772 516 ὕπ’
824 455 1114 532 Ἑλλήνων
1166 453 1539 534 νενομισμένῳ
1589 454 1946 534 χρησόμεθα,

341 549 641 622 νομιοῦμεν
681 545 968 625 Αἴγυπτον
1001 547 1209 614 πᾶσαν,
1254 541 1567 619 ἀρξαμένην
1604 542 1716 602 ‹in-6
1754 549 1947 604 Κατα-

341 632 558 694 δούπων
579 659 644 695 τε
668 635 760 693 καὶ
783 628 1420 708 Ἑλεφαντίνηςπόλιος,
1447 630 1579 709 δίχα
1604 630 1949 708 διαιρέεσθαι

339 723 434 782 καὶ
458 722 788 800 ἀμφοτέρων
811 724 922 781 τῶν
947 719 1294 795 ἐπωνυμιέων
1316 719 1567 797 ἔχεσθαι·
1606 719 1679 778 τὰ
1702 723 1809 794 μὲν
1832 721 1947 801 γὰρ

341 810 511 886 αὐτῆς
537 810 675 871 εἶναι
700 813 800 885 τῆς
833 806 1069 883 Λιβύης,
1096 806 1171 866 τσῖ
1196 807 1255 866 δὲ
1279 809 1380 882 τῆς
1419 805 1635 882 Ἀσίης·
1677 805 1710 867 ὁ
1735 807 1846 887 γὰρ
1875 808 1945 885 δὴ

341 902 551 960 Νεῖλος
590 896 895 974 ἀρξάμενος
935 899 996 955 ἐκ
1035 897 1147 954 τῶν
1181 893 1579 965 Καταδούπων,
1604 895 1718 971 ῥέει
1757 897 1947 973 μέσην

341 986 626 1064 Αἴγυπτον
650 983 859 1061 σχίζων
885 987 940 1045 ἐς
966 980 1287 1044 θάλασσαν.
1342 982 1512 1061 μέχρι
1536 983 1641 1058 μέν
1666 1008 1763 1043 νυν
1798 989 1945 1061 Κερ-

340 1071 598 1149 κασώρου
627 1071 826 1133 πόλιος
865 1071 978 1148 ῥέει
1011 1068 1088 1133 εἶς
1118 1069 1221 1130 ε’ὢν
1262 1069 1295 1130 ὁ
1337 1072 1565 1133 Νεῖλος·
1621 1068 1687 1130 τό
1730 1069 1790 1130 δὲ
1828 1069 1945 1133 α’πό

336 1157 540 1234 ταύτης
563 1164 666 1236 τῆς
689 1157 905 1228 πόλιος,
931 1158 1188 1237 σχίζεται
1214 1157 1521 1235 τριφασίας
1547 1156 1727 1220 ὁδούς·
1787 1159 1879 1217 καὶ
1905 1153 1945 1237 ἦ

336 1249 440 1323 μὲν
465 1247 605 1323 πρὸς
629 1247 712 1324 ἠῶ
737 1246 1013 1324 τρέπεται,
1039 1246 1107 1306 τό
1137 1247 1395 1305 καλέεται
1435 1245 1766 1321 Πηλούσιον
1809 1247 1944 1308 στό-

336 1360 438 1411 μα·
478 1334 516 1411 ή
543 1335 604 1395 δὲ
635 1337 793 1413 ἑτέρη
822 1338 934 1395 τῶν
959 1333 1102 1396 ὁδῶν
1140 1332 1285 1411 πρός
1316 1333 1558 1409 ἑσπέρην
1600 1334 1731 1412 ἔχει·
1772 1339 1943 1397 τοῦτο

339 1423 398 1483 δὲ
442 1425 777 1502 Κανωβικόν
819 1423 1008 1500 στόμα
1051 1423 1332 1497 κέκληται·
1372 1420 1409 1497 ἦ
1452 1421 1513 1481 δὲ
1555 1420 1625 1497 δή
1669 1421 1790 1482 ἷθέα
1830 1428 1942 1485 τῶν

335 1511 477 1573 ὁδῶν
516 1517 593 1592 τῷ
633 1514 824 1591 Νείλῳ
867 1513 993 1572 ἐστὶ
1026 1510 1145 1587 ἥδε·
1188 1509 1393 1570 ἄνωθεν
1427 1508 1736 1586 φερόμενος
1779 1516 1835 1574 ἔς
1872 1512 1942 1574 τὰ

334 1600 434 1670 όξι)
451 1603 552 1660 τοῦ
579 1602 772 1662 Δέλτα
792 1599 1123 1667 ἀπικνέεται,
1149 1597 1218 1658 τό
1246 1597 1305 1656 δὲ
1331 1596 1443 1658 ‹in-<3
1482 1595 1699 1668 τούτου,
1727 1599 1938 1677 σχίζων

335 1689 513 1764 μέσον
543 1687 608 1746 τό
637 1688 829 1747 Δέλτα
866 1691 922 1750 ἐς
957 1684 1263 1746 θάλασσαν
1295 1685 1440 1757 ἐξίει,
1469 1682 1596 1745 οὔτε
1628 1688 1939 1766 ἐλαχίστην

336 1779 538 1852 μοίρην
566 1780 668 1835 τοῦ
704 1774 903 1837 ὕδατος
932 1774 1315 1852 παρεχόμενος
1345 1774 1521 1852 ταύτῃ
1564 1772 1688 1835 οὔτε
1727 1775 1939 1851 ἥκιστα

335 1861 708 1940 ούνομαστήν·
747 1860 814 1922 τὸ
843 1861 1102 1921 καλέεται
1130 1862 1528 1938 Σεβεννυτικὸν
1554 1862 1756 1939 στόμα..
1817 1866 1942 1926 ἔστι

337 1950 397 2011 δὲ
424 1951 514 2009 καὶ
543 1951 700 2027 ἔτερα
727 1948 970 2026 διφάσια
996 1948 1256 2027 στόματα
1276 1948 1391 2009 ἀπὸ
1414 1953 1517 2010 τοῦ
1538 1951 1941 2026 Σεβεννυτικοῦ

334 2037 775 2120 ἀποσχισθέντα,
819 2038 1064 2117 φέροντα
1105 2042 1160 2101 ἐς
1202 2035 1527 2098 θάλασσαν·
1587 2042 1741 2099 τοῖσι
1766 2038 1940 2102 οὖνό-

332 2155 484 2205 ματα
525 2128 706 2190 κέεται
751 2126 899 2197 τάδε,
940 2129 1018 2206 τῷ
1061 2128 1168 2203 μὲν
1222 2124 1484 2190 Σαϊτικὸν
1523 2124 1720 2198 αὐτῶν,
1760 2131 1837 2207 τῷ
1880 2129 1941 2189 δὲ

335 2216 671 2292 Μενδήσιον.
755 2215 822 2276 τό
859 2216 919 2275 δὲ
955 2214 1300 2291 Βολβίτινον
1340 2212 1529 2290 στόμα
1565 2215 1659 2273 καὶ
1692 2214 1760 2275 τό
1798 2222 1939 2277 Βου-

336 2304 561 2364 κολικόν
588 2302 686 2363 οὐκ
717 2303 972 2384 ἰθαγενέα
1000 2300 1261 2379 στόματά
1288 2306 1428 2372 ε’στι,
1456 2300 1588 2361 ἄλλ’
1616 2300 1842 2378 ὀρυκτά.

247 2392 315 2450 18
416 2391 731 2467 Μαρτυρέει
778 2389 842 2447 δέ
879 2415 980 2465 μοι
1018 2394 1091 2469 τῇ
1135 2388 1345 2471 γνώμῃ,
1390 2389 1477 2451 ὅτι
1517 2389 1768 2467 τοσαύτη
1815 2394 1941 2453 ἐστὶ

333 2476 616 2557 Αἴγυπτος
651 2474 795 2551 ὅσην
828 2477 956 2537 τινὰ
987 2477 1095 2557 eya}
1134 2476 1496 2555 ἀποδείκνυμι
1529 2481 1606 2556 τῷ
1636 2477 1807 2559 λόγῳ,
1845 2483 1941 2542 καὶ

332 2562 400 2625 τό
441 2562 739 2641 Ἄμμωνος
791 2564 1140 2643 χρηστήριον
1192 2563 1508 2647 γενόμενον,
1561 2565 1629 2627 *ro*
1679 2566 1787 2647 ἐγὼ
1837 2573 1941 2645 τῆς

334 2656 606 2729 ἐμεωυτοῦ
631 2651 852 2734 γνώμης
886 2652 1124 2732 ὕστερον
1157 2654 1286 2731 περὶ
1311 2654 1599 2734 Αἴγυπτον
1630 2654 1938 2732 ἐπυθόμην·

334 2744 388 2801 οἶ
411 2741 522 2823 γὰρ
550 2741 618 2818 δή
646 2746 706 2801 ε’κ
733 2744 964 2819 Μαρέης
995 2768 1058 2801 τε
1088 2741 1291 2805 πόλιος
1321 2743 1415 2801 καὶ
1430 2740 1635 2806 'Amos'
1668 2743 1940 2809 οἰκέοντες

333 2828 619 2909 Αἰγύπτου
653 2829 726 2890 τοὶ
763 2829 1059 2908 πρόσουρα
1099 2828 1309 2907 Λιβύῃ,
1351 2828 1516 2890 αὐτοί
1553 2856 1616 2891 τε
1654 2829 1941 2896 δοκέοντες

335 2915 474 2975 εἶναι
513 2919 725 2994 Λίβυες
765 2919 858 2977 καὶ
897 2916 997 2978 οὖκ
1036 2916 1336 2997 Αἰγύπτιοι
1376 2918 1470 2977 καὶ
1514 2917 1820 2998 ἀχθόμενοι
1860 2924 1936 2999 τῇ

334 3004 462 3080 περὶ
496 3004 569 3063 τοὶ
605 3004 697 3081 ἱροὶ
735 3006 993 3083 θρησκίῃ,
1025 3003 1369 3081 βουλόμενοι
1407 3006 1621 3081 θηλέων
1655 3008 1815 3082 βοῶν
1852 3007 1935 3084 μὴ

333 3089 612 3169 ἔργεσθαι,
635 3094 888 3171 ἔπεμψαν
909 3097 963 3155 ἐς
978 3091 1257 3168 Ἀμμωνα
1276 3090 1521 3169 φάμενοι
1540 3092 1740 3154 ((ούδὲν
1758 3096 1939 3171 σφίσι

333 3199 397 3235 τε
432 3178 525 3235 καὶ
548 3180 906 3261 Αἰγυπτίοισι
937 3177 1121 3239 κοινόν
1158 3176 1313 3237 εἶναι·
1364 3179 1560 3240 οἰκέειν
1594 3206 1658 3243 τε
1691 3181 1804 3263 γὰρ
1838 3183 1941 3253 ἔξω

334 3263 435 3318 τοῦ
468 3264 660 3325 Δέλτα
700 3267 794 3328 καὶ
833 3265 934 3327 οὐκ
965 3262 1304 3342 ὁμολογέειν
1344 3264 1583 3337 αὐτοῖσι,
1616 3269 1948 3341 βούλεσθαί
