<?xml version="1.0" encoding="UTF-8"?>
<!DOCTYPE html PUBLIC "-//W3C//DTD XHTML 1.0 Transitional//EN"
    "http://www.w3.org/TR/xhtml1/DTD/xhtml1-transitional.dtd">
<html xmlns="http://www.w3.org/1999/xhtml" xml:lang="en" lang="en">
 <head>
  <title>
</title>
<meta http-equiv="Content-Type" content="text/html;charset=utf-8" />
  <meta name='ocr-system' content='tesseract 3.04.00' />
  <meta name='ocr-capabilities' content='ocr_page ocr_carea ocr_par ocr_line ocrx_word'/>
</head>
<body>
  <div class='ocr_page' id='page_1' title='image "./herodotus04blakgoog_0150.png"; bbox 0 0 2250 3500; ppageno 0'>
   <div class='ocr_carea' id='block_1_1' title="bbox 220 127 1951 3365">
    <p class='ocr_par' dir='ltr' id='par_1_1' title="bbox 335 127 1951 375">
     <span class='ocr_line' id='line_1_1' title="bbox 339 127 1946 196; baseline -0.002 -12"><span class='ocrx_word' id='word_1_1' title='bbox 339 137 437 186; x_wconf 74' lang='lat'>132</span> <span class='ocrx_word' id='word_1_2' title='bbox 935 130 1308 179; x_wconf 75' lang='grc' dir='ltr'>ἮΡοΔοΤοϊ</span> <span class='ocrx_word' id='word_1_3' title='bbox 1836 127 1946 196; x_wconf 89' lang='lat'>[11.</span> 
     </span>
     <span class='ocr_line' id='line_1_2' title="bbox 335 205 1951 294; baseline -0.002 -23"><span class='ocrx_word' id='word_1_4' title='bbox 335 211 555 294; x_wconf 79' lang='grc' dir='ltr'>γυναικὶ</span> <span class='ocrx_word' id='word_1_5' title='bbox 585 208 792 289; x_wconf 78' lang='grc' dir='ltr'>τράγος</span> <span class='ocrx_word' id='word_1_6' title='bbox 823 208 1089 289; x_wconf 87' lang='grc' dir='ltr'>ἐμίσγετο</span> <span class='ocrx_word' id='word_1_7' title='bbox 1127 205 1467 284; x_wconf 77' lang='grc' dir='ltr'>ἀναφανδόν.</span> <span class='ocrx_word' id='word_1_8' title='bbox 1531 209 1699 270; x_wconf 66' lang='grc' dir='ltr'>τοῦτο</span> <span class='ocrx_word' id='word_1_9' title='bbox 1738 210 1797 272; x_wconf 85' lang='grc' dir='ltr'>ἐς</span> <span class='ocrx_word' id='word_1_10' title='bbox 1832 208 1951 269; x_wconf 81' lang='grc' dir='ltr'>ἐπί-</span> 
     </span>
     <span class='ocr_line' id='line_1_3' title="bbox 339 297 1110 375; baseline -0.004 -16"><span class='ocrx_word' id='word_1_11' title='bbox 339 300 506 368; x_wconf 79' lang='grc' dir='ltr'>δειξιν</span> <span class='ocrx_word' id='word_1_12' title='bbox 532 297 897 375; x_wconf 74' lang='grc' dir='ltr'>ἀνθρωπων’</span> <span class='ocrx_word' id='word_1_13' title='bbox 862 298 1110 356; x_wconf 87' lang='grc' dir='ltr'>απίκετο.</span> 
     </span>
    </p>

    <p class='ocr_par' dir='ltr' id='par_1_2' title="bbox 238 382 1948 637">
     <span class='ocr_line' id='line_1_4' title="bbox 238 382 1947 495; baseline 0 -51"><span class='ocrx_word' id='word_1_14' title='bbox 238 389 316 452; x_wconf 82' lang='grc'>47</span> <span class='ocrx_word' id='word_1_15' title='bbox 403 384 516 445; x_wconf 84' lang='grc' dir='ltr'>Υν</span> <span class='ocrx_word' id='word_1_16' title='bbox 564 386 623 444; x_wconf 81' lang='grc' dir='ltr'>δὲ</span> <span class='ocrx_word' id='word_1_17' title='bbox 671 383 968 495; x_wconf 76' lang='grc' dir='ltr'>Αἰγύπτιοι</span> <span class='ocrx_word' id='word_1_18' title='bbox 1009 382 1211 460; x_wconf 76' lang='grc' dir='ltr'>μιαρὰν</span> <span class='ocrx_word' id='word_1_19' title='bbox 1262 382 1500 464; x_wconf 82' lang='grc' dir='ltr'>ἥγηνται</span> <span class='ocrx_word' id='word_1_20' title='bbox 1544 383 1737 461; x_wconf 81' lang='grc' dir='ltr'>θηρίον</span> <span class='ocrx_word' id='word_1_21' title='bbox 1786 383 1947 444; x_wconf 78' lang='grc' dir='ltr'>εἶναι·</span> 
     </span>
     <span class='ocr_line' id='line_1_5' title="bbox 338 469 1946 549; baseline -0.001 -16"><span class='ocrx_word' id='word_1_22' title='bbox 338 474 436 533; x_wconf 84' lang='grc' dir='ltr'>καὶ</span> <span class='ocrx_word' id='word_1_23' title='bbox 487 477 654 534; x_wconf 82' lang='grc' dir='ltr'>τοῦτο</span> <span class='ocrx_word' id='word_1_24' title='bbox 699 474 802 548; x_wconf 80' lang='grc' dir='ltr'>μὲν</span> <span class='ocrx_word' id='word_1_25' title='bbox 849 471 919 548; x_wconf 84' lang='grc' dir='ltr'>ἦν</span> <span class='ocrx_word' id='word_1_26' title='bbox 964 497 1048 534; x_wconf 88' lang='grc' dir='ltr'>τις</span> <span class='ocrx_word' id='word_1_27' title='bbox 1102 470 1297 549; x_wconf 81' lang='grc' dir='ltr'>ψαύσῃ</span> <span class='ocrx_word' id='word_1_28' title='bbox 1345 469 1527 530; x_wconf 73' lang='grc' dir='ltr'>αὐτῶν</span> <span class='ocrx_word' id='word_1_29' title='bbox 1571 471 1785 548; x_wconf 78' lang='grc' dir='ltr'>παριῶν</span> <span class='ocrx_word' id='word_1_30' title='bbox 1828 471 1946 546; x_wconf 80' lang='grc' dir='ltr'>υός,</span> 
     </span>
     <span class='ocr_line' id='line_1_6' title="bbox 335 557 1948 637; baseline 0.001 -16"><span class='ocrx_word' id='word_1_31' title='bbox 335 561 559 621; x_wconf 86' lang='grc' dir='ltr'>αυτοῖσι</span> <span class='ocrx_word' id='word_1_32' title='bbox 588 560 861 637; x_wconf 78' lang='grc' dir='ltr'>ἱματίοισι</span> <span class='ocrx_word' id='word_1_33' title='bbox 887 558 982 618; x_wconf 77' lang='grc' dir='ltr'>ἀπ’</span> <span class='ocrx_word' id='word_1_34' title='bbox 1013 557 1086 618; x_wconf 77' lang='grc' dir='ltr'>ὧν</span> <span class='ocrx_word' id='word_1_35' title='bbox 1120 559 1361 636; x_wconf 69' lang='grc' dir='ltr'>ἔβαψεε</span> <span class='ocrx_word' id='word_1_36' title='bbox 1336 557 1553 628; x_wconf 64' lang='lat' dir='ltr'>&lt;mv-rav,</span> <span class='ocrx_word' id='word_1_37' title='bbox 1585 557 1752 635; x_wconf 73' lang='grc' dir='ltr'>βᾶς’</span> <span class='ocrx_word' id='word_1_38' title='bbox 1726 559 1818 618; x_wconf 85' lang='grc' dir='ltr'>επὶ</span> <span class='ocrx_word' id='word_1_39' title='bbox 1841 559 1948 622; x_wconf 77' lang='grc' dir='ltr'>τᾶν</span> 
     </span>
    </p>

    <p class='ocr_par' dir='ltr' id='par_1_3' title="bbox 281 644 1946 2396">
     <span class='ocr_line' id='line_1_7' title="bbox 281 644 1946 727; baseline -0.001 -17"><span class='ocrx_word' id='word_1_40' title='bbox 281 664 288 670; x_wconf 88' lang='grc'><strong>’</strong></span> <span class='ocrx_word' id='word_1_41' title='bbox 331 648 608 727; x_wconf 75' lang='grc' dir='ltr'>ποταμόν·</span> <span class='ocrx_word' id='word_1_42' title='bbox 676 651 842 708; x_wconf 84' lang='grc' dir='ltr'>τοῦτο</span> <span class='ocrx_word' id='word_1_43' title='bbox 889 647 948 706; x_wconf 81' lang='grc' dir='ltr'>δὲ</span> <span class='ocrx_word' id='word_1_44' title='bbox 1001 648 1056 706; x_wconf 80' lang='grc' dir='ltr'>οἱ</span> <span class='ocrx_word' id='word_1_45' title='bbox 1107 647 1383 722; x_wconf 80' lang='grc' dir='ltr'>συβῶται,</span> <span class='ocrx_word' id='word_1_46' title='bbox 1426 644 1607 709; x_wconf 87' lang='grc' dir='ltr'>ἐόντες</span> <span class='ocrx_word' id='word_1_47' title='bbox 1645 645 1946 727; x_wconf 76' lang='grc' dir='ltr'>Αἰγύπτιοι</span> 
     </span>
     <span class='ocr_line' id='line_1_8' title="bbox 334 732 1945 820; baseline -0.001 -23"><span class='ocrx_word' id='word_1_48' title='bbox 334 737 594 820; x_wconf 81' lang='grc' dir='ltr'>ἐγγενέες,</span> <span class='ocrx_word' id='word_1_49' title='bbox 629 740 684 798; x_wconf 87' lang='grc' dir='ltr'>ἐς</span> <span class='ocrx_word' id='word_1_50' title='bbox 722 733 840 811; x_wconf 80' lang='grc' dir='ltr'>ἶρὸν</span> <span class='ocrx_word' id='word_1_51' title='bbox 882 733 1038 794; x_wconf 72' lang='grc' dir='ltr'>οὐδὲν</span> <span class='ocrx_word' id='word_1_52' title='bbox 1073 738 1185 794; x_wconf 78' lang='grc' dir='ltr'>τῶν</span> <span class='ocrx_word' id='word_1_53' title='bbox 1222 739 1280 794; x_wconf 89' lang='grc' dir='ltr'>ἐν</span> <span class='ocrx_word' id='word_1_54' title='bbox 1312 732 1575 814; x_wconf 79' lang='grc' dir='ltr'>Αἰγύπτῳ</span> <span class='ocrx_word' id='word_1_55' title='bbox 1612 735 1945 814; x_wconf 81' lang='grc' dir='ltr'>ἐσέρχονται</span> 
     </span>
     <span class='ocr_line' id='line_1_9' title="bbox 330 820 1943 902; baseline -0.002 -17"><span class='ocrx_word' id='word_1_56' title='bbox 330 829 528 902; x_wconf 80' lang='grc' dir='ltr'>μοῦνοι</span> <span class='ocrx_word' id='word_1_57' title='bbox 557 823 793 884; x_wconf 79' lang='grc' dir='ltr'>πάντων·</span> <span class='ocrx_word' id='word_1_58' title='bbox 836 821 965 881; x_wconf 79' lang='grc' dir='ltr'>οὐδέ</span> <span class='ocrx_word' id='word_1_59' title='bbox 989 828 1101 897; x_wconf 85' lang='grc' dir='ltr'>σφι</span> <span class='ocrx_word' id='word_1_60' title='bbox 1119 820 1439 882; x_wconf 81' lang='grc' dir='ltr'>ἐκδίδοσθαι</span> <span class='ocrx_word' id='word_1_61' title='bbox 1461 822 1737 902; x_wconf 80' lang='grc' dir='ltr'>θυγατέρα</span> <span class='ocrx_word' id='word_1_62' title='bbox 1764 823 1943 890; x_wconf 72' lang='grc' dir='ltr'>οὐδεὶς</span> 
     </span>
     <span class='ocr_line' id='line_1_10' title="bbox 333 907 1940 988; baseline 0.001 -17"><span class='ocrx_word' id='word_1_63' title='bbox 333 914 516 974; x_wconf 86' lang='grc' dir='ltr'>ἐθέλει</span> <span class='ocrx_word' id='word_1_64' title='bbox 543 909 654 970; x_wconf 79' lang='grc' dir='ltr'>οὐδ’</span> <span class='ocrx_word' id='word_1_65' title='bbox 682 908 922 988; x_wconf 76' lang='grc' dir='ltr'>ἄγεσθαι</span> <span class='ocrx_word' id='word_1_66' title='bbox 959 907 1020 978; x_wconf 82' lang='grc' dir='ltr'>ἐξ</span> <span class='ocrx_word' id='word_1_67' title='bbox 1049 907 1245 968; x_wconf 84' lang='grc' dir='ltr'>αυτῶν·</span> <span class='ocrx_word' id='word_1_68' title='bbox 1288 908 1422 968; x_wconf 79' lang='grc' dir='ltr'>ἀλλ’</span> <span class='ocrx_word' id='word_1_69' title='bbox 1456 908 1771 970; x_wconf 86' lang='grc' dir='ltr'>ἐκδιδόαταί</span> <span class='ocrx_word' id='word_1_70' title='bbox 1793 937 1858 970; x_wconf 84' lang='grc' dir='ltr'>τε</span> <span class='ocrx_word' id='word_1_71' title='bbox 1884 917 1940 973; x_wconf 81' lang='grc' dir='ltr'>οἱ</span> 
     </span>
     <span class='ocr_line' id='line_1_11' title="bbox 331 995 1940 1077; baseline 0.001 -19"><span class='ocrx_word' id='word_1_72' title='bbox 331 1000 588 1075; x_wconf 82' lang='grc' dir='ltr'>συβῶται</span> <span class='ocrx_word' id='word_1_73' title='bbox 630 997 722 1056; x_wconf 82' lang='grc' dir='ltr'>καὶ</span> <span class='ocrx_word' id='word_1_74' title='bbox 761 995 993 1077; x_wconf 88' lang='grc' dir='ltr'>αγέαται</span> <span class='ocrx_word' id='word_1_75' title='bbox 1035 997 1096 1066; x_wconf 77' lang='grc' dir='ltr'>ἐξ</span> <span class='ocrx_word' id='word_1_76' title='bbox 1148 995 1436 1072; x_wconf 89' lang='grc' dir='ltr'>αλλήλων.</span> <span class='ocrx_word' id='word_1_77' title='bbox 1503 1001 1657 1058; x_wconf 82' lang='grc' dir='ltr'>τοῖσι</span> <span class='ocrx_word' id='word_1_78' title='bbox 1694 1000 1801 1075; x_wconf 87' lang='grc' dir='ltr'>μέν</span> <span class='ocrx_word' id='word_1_79' title='bbox 1838 1026 1940 1064; x_wconf 89' lang='grc' dir='ltr'>νυν</span> 
     </span>
     <span class='ocr_line' id='line_1_12' title="bbox 331 1083 1933 1167; baseline 0.002 -22"><span class='ocrx_word' id='word_1_80' title='bbox 331 1084 568 1145; x_wconf 73' lang='grc' dir='ltr'>ἄλλοισι</span> <span class='ocrx_word' id='word_1_81' title='bbox 621 1085 804 1145; x_wconf 82' lang='grc' dir='ltr'>θεοῖσι</span> <span class='ocrx_word' id='word_1_82' title='bbox 857 1083 1008 1144; x_wconf 83' lang='grc' dir='ltr'>θύειν</span> <span class='ocrx_word' id='word_1_83' title='bbox 1058 1108 1124 1146; x_wconf 88' lang='grc' dir='ltr'>υς</span> <span class='ocrx_word' id='word_1_84' title='bbox 1177 1083 1241 1144; x_wconf 78' lang='grc' dir='ltr'>οὗ</span> <span class='ocrx_word' id='word_1_85' title='bbox 1295 1084 1568 1145; x_wconf 79' lang='grc' dir='ltr'>δικαιεῦσι</span> <span class='ocrx_word' id='word_1_86' title='bbox 1621 1085 1933 1167; x_wconf 81' lang='grc' dir='ltr'>Αἰγύπτιοι,</span> 
     </span>
     <span class='ocr_line' id='line_1_13' title="bbox 330 1171 1932 1253; baseline 0.002 -20"><span class='ocrx_word' id='word_1_87' title='bbox 330 1174 552 1253; x_wconf 82' lang='grc' dir='ltr'>Σελήνῃ</span> <span class='ocrx_word' id='word_1_88' title='bbox 578 1173 638 1232; x_wconf 82' lang='grc' dir='ltr'>δὲ</span> <span class='ocrx_word' id='word_1_89' title='bbox 665 1173 758 1231; x_wconf 83' lang='grc' dir='ltr'>καὶ</span> <span class='ocrx_word' id='word_1_90' title='bbox 785 1171 1042 1251; x_wconf 82' lang='grc' dir='ltr'>Διονύσῳ</span> <span class='ocrx_word' id='word_1_91' title='bbox 1067 1171 1347 1248; x_wconf 81' lang='grc' dir='ltr'>μούνοισι,</span> <span class='ocrx_word' id='word_1_92' title='bbox 1374 1177 1477 1233; x_wconf 81' lang='grc' dir='ltr'>τοῦ</span> <span class='ocrx_word' id='word_1_93' title='bbox 1509 1171 1682 1234; x_wconf 79' lang='grc' dir='ltr'>αὗτοΰ</span> <span class='ocrx_word' id='word_1_94' title='bbox 1706 1174 1932 1253; x_wconf 82' lang='grc' dir='ltr'>χρόνου,</span> 
     </span>
     <span class='ocr_line' id='line_1_14' title="bbox 325 1257 1936 1341; baseline 0.002 -20"><span class='ocrx_word' id='word_1_95' title='bbox 325 1265 400 1341; x_wconf 75' lang='grc' dir='ltr'>τῇ</span> <span class='ocrx_word' id='word_1_96' title='bbox 425 1261 566 1341; x_wconf 76' lang='grc' dir='ltr'>αὐτῇ</span> <span class='ocrx_word' id='word_1_97' title='bbox 592 1258 944 1340; x_wconf 79' lang='grc' dir='ltr'>πανσελήνῳ,</span> <span class='ocrx_word' id='word_1_98' title='bbox 965 1260 1095 1323; x_wconf 77' lang='grc' dir='ltr'>τούς</span> <span class='ocrx_word' id='word_1_99' title='bbox 1119 1257 1183 1323; x_wconf 79' lang='grc' dir='ltr'>ὗς</span> <span class='ocrx_word' id='word_1_100' title='bbox 1206 1258 1474 1324; x_wconf 79' lang='grc' dir='ltr'>θύσαντες</span> <span class='ocrx_word' id='word_1_101' title='bbox 1498 1261 1797 1322; x_wconf 85' lang='grc' dir='ltr'>πατέονται</span> <span class='ocrx_word' id='word_1_102' title='bbox 1820 1267 1936 1325; x_wconf 75' lang='grc' dir='ltr'>τῶν</span> 
     </span>
     <span class='ocr_line' id='line_1_15' title="bbox 327 1345 1933 1430; baseline 0.001 -22"><span class='ocrx_word' id='word_1_103' title='bbox 327 1353 517 1426; x_wconf 80' lang='grc' dir='ltr'>κρεῶν.</span> <span class='ocrx_word' id='word_1_104' title='bbox 601 1348 742 1409; x_wconf 86' lang='grc' dir='ltr'>διότι</span> <span class='ocrx_word' id='word_1_105' title='bbox 769 1347 829 1408; x_wconf 88' lang='grc' dir='ltr'>δὲ</span> <span class='ocrx_word' id='word_1_106' title='bbox 854 1348 984 1411; x_wconf 77' lang='grc' dir='ltr'>τούς</span> <span class='ocrx_word' id='word_1_107' title='bbox 1008 1345 1072 1413; x_wconf 79' lang='grc' dir='ltr'>ὗς</span> <span class='ocrx_word' id='word_1_108' title='bbox 1100 1353 1161 1408; x_wconf 89' lang='grc' dir='ltr'>ἐν</span> <span class='ocrx_word' id='word_1_109' title='bbox 1185 1349 1290 1426; x_wconf 79' lang='grc' dir='ltr'>μὲν</span> <span class='ocrx_word' id='word_1_110' title='bbox 1314 1351 1451 1426; x_wconf 83' lang='grc' dir='ltr'>τῇσι</span> <span class='ocrx_word' id='word_1_111' title='bbox 1481 1348 1700 1428; x_wconf 75' lang='grc' dir='ltr'>ἄλλῃσι</span> <span class='ocrx_word' id='word_1_112' title='bbox 1726 1349 1933 1430; x_wconf 75' lang='grc' dir='ltr'>ὁρτῇσι</span> 
     </span>
     <span class='ocr_line' id='line_1_16' title="bbox 323 1434 1931 1520; baseline 0.001 -23"><span class='ocrx_word' id='word_1_113' title='bbox 323 1437 756 1518; x_wconf 75' lang='grc' dir='ltr'>ἀπεστυγήκασι</span> <span class='ocrx_word' id='word_1_114' title='bbox 797 1440 854 1496; x_wconf 88' lang='grc' dir='ltr'>ἐν</span> <span class='ocrx_word' id='word_1_115' title='bbox 895 1437 954 1496; x_wconf 83' lang='grc' dir='ltr'>δὲ</span> <span class='ocrx_word' id='word_1_116' title='bbox 993 1435 1169 1516; x_wconf 86' lang='grc' dir='ltr'>ταύτῃ</span> <span class='ocrx_word' id='word_1_117' title='bbox 1211 1434 1427 1506; x_wconf 88' lang='grc' dir='ltr'>θύουσι,</span> <span class='ocrx_word' id='word_1_118' title='bbox 1455 1436 1577 1496; x_wconf 80' lang='grc' dir='ltr'>ἔστι</span> <span class='ocrx_word' id='word_1_119' title='bbox 1614 1439 1719 1513; x_wconf 81' lang='grc' dir='ltr'>μὲν</span> <span class='ocrx_word' id='word_1_120' title='bbox 1756 1437 1931 1520; x_wconf 81' lang='grc' dir='ltr'>λόγος</span> 
     </span>
     <span class='ocr_line' id='line_1_17' title="bbox 322 1522 1930 1606; baseline 0.002 -22"><span class='ocrx_word' id='word_1_121' title='bbox 322 1527 452 1604; x_wconf 87' lang='grc' dir='ltr'>περὶ</span> <span class='ocrx_word' id='word_1_122' title='bbox 492 1526 662 1586; x_wconf 73' lang='grc' dir='ltr'>αὐτοῦ</span> <span class='ocrx_word' id='word_1_123' title='bbox 701 1524 784 1584; x_wconf 76' lang='grc' dir='ltr'>ὖπ</span> <span class='ocrx_word' id='word_1_124' title='bbox 837 1524 1155 1606; x_wconf 79' lang='grc' dir='ltr'>Αἰγυπτίων</span> <span class='ocrx_word' id='word_1_125' title='bbox 1193 1522 1515 1602; x_wconf 88' lang='grc' dir='ltr'>λεγόμενος·</span> <span class='ocrx_word' id='word_1_126' title='bbox 1576 1524 1700 1602; x_wconf 82' lang='grc' dir='ltr'>ἐμοὶ</span> <span class='ocrx_word' id='word_1_127' title='bbox 1737 1526 1930 1602; x_wconf 86' lang='grc' dir='ltr'>μέντοι</span> 
     </span>
     <span class='ocr_line' id='line_1_18' title="bbox 324 1610 1926 1695; baseline 0.001 -22"><span class='ocrx_word' id='word_1_128' title='bbox 324 1615 674 1693; x_wconf 75' lang='grc' dir='ltr'>ἐπισταμένῳ</span> <span class='ocrx_word' id='word_1_129' title='bbox 744 1611 845 1672; x_wconf 76' lang='grc' dir='ltr'>οὐκ</span> <span class='ocrx_word' id='word_1_130' title='bbox 927 1610 1365 1689; x_wconf 75' lang='grc' dir='ltr'>εὐπρεπέστερός</span> <span class='ocrx_word' id='word_1_131' title='bbox 1445 1615 1571 1672; x_wconf 88' lang='grc' dir='ltr'>ἐστι</span> <span class='ocrx_word' id='word_1_132' title='bbox 1634 1613 1926 1695; x_wconf 89' lang='grc' dir='ltr'>λέγεσθαι.</span> 
     </span>
     <span class='ocr_line' id='line_1_19' title="bbox 327 1699 1927 1779; baseline 0.001 -17"><span class='ocrx_word' id='word_1_133' title='bbox 327 1702 498 1779; x_wconf 89' lang='grc' dir='ltr'>θυσίη</span> <span class='ocrx_word' id='word_1_134' title='bbox 539 1702 598 1761; x_wconf 84' lang='grc' dir='ltr'>δὲ</span> <span class='ocrx_word' id='word_1_135' title='bbox 637 1701 737 1777; x_wconf 85' lang='grc' dir='ltr'>ἥδε</span> <span class='ocrx_word' id='word_1_136' title='bbox 771 1703 881 1760; x_wconf 84' lang='grc' dir='ltr'>τῶν</span> <span class='ocrx_word' id='word_1_137' title='bbox 912 1699 1022 1760; x_wconf 80' lang='grc' dir='ltr'>ὖῶν</span> <span class='ocrx_word' id='word_1_138' title='bbox 1055 1702 1130 1779; x_wconf 81' lang='grc' dir='ltr'>τῇ</span> <span class='ocrx_word' id='word_1_139' title='bbox 1164 1699 1383 1779; x_wconf 78' lang='grc' dir='ltr'>Σελήνῃ</span> <span class='ocrx_word' id='word_1_140' title='bbox 1413 1700 1678 1761; x_wconf 80' lang='grc' dir='ltr'>ποιέεται·</span> <span class='ocrx_word' id='word_1_141' title='bbox 1760 1702 1927 1765; x_wconf 70' lang='grc' dir='ltr'>ἐπεσῖν</span> 
     </span>
     <span class='ocr_line' id='line_1_20' title="bbox 325 1786 1923 1867; baseline 0.002 -19"><span class='ocrx_word' id='word_1_142' title='bbox 325 1789 490 1867; x_wconf 84' lang='grc' dir='ltr'>θύσῃ,</span> <span class='ocrx_word' id='word_1_143' title='bbox 517 1788 620 1864; x_wconf 81' lang='grc' dir='ltr'>τήν</span> <span class='ocrx_word' id='word_1_144' title='bbox 647 1787 817 1864; x_wconf 81' lang='grc' dir='ltr'>ούρήν</span> <span class='ocrx_word' id='word_1_145' title='bbox 849 1786 1022 1864; x_wconf 79' lang='grc' dir='ltr'>ἄκρην</span> <span class='ocrx_word' id='word_1_146' title='bbox 1049 1788 1143 1846; x_wconf 88' lang='grc' dir='ltr'>καὶ</span> <span class='ocrx_word' id='word_1_147' title='bbox 1170 1787 1271 1848; x_wconf 78' lang='grc' dir='ltr'>τᾶν</span> <span class='ocrx_word' id='word_1_148' title='bbox 1302 1791 1534 1864; x_wconf 86' lang='grc' dir='ltr'>σπλῆνα</span> <span class='ocrx_word' id='word_1_149' title='bbox 1569 1789 1661 1848; x_wconf 79' lang='grc' dir='ltr'>καὶ</span> <span class='ocrx_word' id='word_1_150' title='bbox 1685 1789 1785 1851; x_wconf 75' lang='grc' dir='ltr'>τὸν</span> <span class='ocrx_word' id='word_1_151' title='bbox 1809 1796 1923 1851; x_wconf 87' lang='grc' dir='ltr'>ἐπί-</span> 
     </span>
     <span class='ocr_line' id='line_1_21' title="bbox 319 1874 1924 1957; baseline 0.004 -23"><span class='ocrx_word' id='word_1_152' title='bbox 319 1880 501 1935; x_wconf 84' lang='grc' dir='ltr'>πλοον</span> <span class='ocrx_word' id='word_1_153' title='bbox 553 1876 774 1938; x_wconf 87' lang='grc' dir='ltr'>συνθεὶς</span> <span class='ocrx_word' id='word_1_154' title='bbox 825 1874 984 1952; x_wconf 79' lang='grc' dir='ltr'>ὁμοῦ,</span> <span class='ocrx_word' id='word_1_155' title='bbox 1039 1874 1157 1936; x_wconf 80' lang='grc' dir='ltr'>κατ’</span> <span class='ocrx_word' id='word_1_156' title='bbox 1204 1874 1279 1935; x_wconf 85' lang='grc' dir='ltr'>ὦν</span> <span class='ocrx_word' id='word_1_157' title='bbox 1324 1875 1570 1955; x_wconf 83' lang='grc' dir='ltr'>ἐκάλυψε</span> <span class='ocrx_word' id='word_1_158' title='bbox 1615 1876 1776 1957; x_wconf 79' lang='grc' dir='ltr'>πάσῃ</span> <span class='ocrx_word' id='word_1_159' title='bbox 1822 1884 1924 1940; x_wconf 80' lang='grc' dir='ltr'>τοῦ</span> 
     </span>
     <span class='ocr_line' id='line_1_22' title="bbox 321 1963 1923 2045; baseline 0.002 -22"><span class='ocrx_word' id='word_1_160' title='bbox 321 1964 545 2040; x_wconf 85' lang='grc' dir='ltr'>κτήνεος</span> <span class='ocrx_word' id='word_1_161' title='bbox 579 1967 652 2044; x_wconf 81' lang='grc' dir='ltr'>τῇ</span> <span class='ocrx_word' id='word_1_162' title='bbox 687 1966 902 2043; x_wconf 82' lang='grc' dir='ltr'>πιμελῇ</span> <span class='ocrx_word' id='word_1_163' title='bbox 935 1966 1008 2042; x_wconf 80' lang='grc' dir='ltr'>τῇ</span> <span class='ocrx_word' id='word_1_164' title='bbox 1031 1964 1162 2041; x_wconf 85' lang='grc' dir='ltr'>περὶ</span> <span class='ocrx_word' id='word_1_165' title='bbox 1194 1963 1297 2039; x_wconf 83' lang='grc' dir='ltr'>τήν</span> <span class='ocrx_word' id='word_1_166' title='bbox 1322 1964 1489 2040; x_wconf 75' lang='grc' dir='ltr'>νηδύν</span> <span class='ocrx_word' id='word_1_167' title='bbox 1522 1967 1801 2045; x_wconf 85' lang='grc' dir='ltr'>γινομένῃ,</span> <span class='ocrx_word' id='word_1_168' title='bbox 1830 1968 1923 2027; x_wconf 84' lang='grc' dir='ltr'>καὶ</span> 
     </span>
     <span class='ocr_line' id='line_1_23' title="bbox 320 2051 1920 2134; baseline 0.003 -22"><span class='ocrx_word' id='word_1_169' title='bbox 320 2053 508 2113; x_wconf 83' lang='grc' dir='ltr'>ἔπειτα</span> <span class='ocrx_word' id='word_1_170' title='bbox 552 2054 833 2134; x_wconf 88' lang='grc' dir='ltr'>καταγίζει</span> <span class='ocrx_word' id='word_1_171' title='bbox 864 2054 1016 2131; x_wconf 89' lang='grc' dir='ltr'>πυρί·</span> <span class='ocrx_word' id='word_1_172' title='bbox 1057 2051 1130 2112; x_wconf 65' lang='grc' dir='ltr'>τσῖ</span> <span class='ocrx_word' id='word_1_173' title='bbox 1172 2052 1231 2111; x_wconf 81' lang='grc' dir='ltr'>δὲ</span> <span class='ocrx_word' id='word_1_174' title='bbox 1273 2052 1426 2111; x_wconf 73' lang='grc' dir='ltr'>ἄλλα</span> <span class='ocrx_word' id='word_1_175' title='bbox 1467 2054 1601 2130; x_wconf 85' lang='grc' dir='ltr'>κρέα</span> <span class='ocrx_word' id='word_1_176' title='bbox 1640 2056 1920 2116; x_wconf 88' lang='grc' dir='ltr'>σιτέονται</span> 
     </span>
     <span class='ocr_line' id='line_1_24' title="bbox 320 2138 1918 2223; baseline 0.002 -23"><span class='ocrx_word' id='word_1_177' title='bbox 320 2145 378 2200; x_wconf 89' lang='grc' dir='ltr'>ἐν</span> <span class='ocrx_word' id='word_1_178' title='bbox 402 2145 474 2221; x_wconf 86' lang='grc' dir='ltr'>τῇ</span> <span class='ocrx_word' id='word_1_179' title='bbox 502 2141 835 2221; x_wconf 85' lang='grc' dir='ltr'>πανσελήνῳ</span> <span class='ocrx_word' id='word_1_180' title='bbox 873 2145 932 2201; x_wconf 89' lang='grc' dir='ltr'>ἐν</span> <span class='ocrx_word' id='word_1_181' title='bbox 960 2144 1033 2220; x_wconf 82' lang='grc' dir='ltr'>τῇ</span> <span class='ocrx_word' id='word_1_182' title='bbox 1058 2138 1129 2200; x_wconf 75' lang='grc' dir='ltr'>ἂν</span> <span class='ocrx_word' id='word_1_183' title='bbox 1146 2140 1232 2200; x_wconf 59' lang='grc' dir='ltr'>τοὶ</span> <span class='ocrx_word' id='word_1_184' title='bbox 1270 2141 1361 2217; x_wconf 74' lang='grc' dir='ltr'>ἱροὶ</span> <span class='ocrx_word' id='word_1_185' title='bbox 1399 2140 1635 2200; x_wconf 87' lang='grc' dir='ltr'>θύσωσι·</span> <span class='ocrx_word' id='word_1_186' title='bbox 1676 2146 1735 2203; x_wconf 88' lang='grc' dir='ltr'>ἐν</span> <span class='ocrx_word' id='word_1_187' title='bbox 1765 2143 1918 2223; x_wconf 76' lang='grc' dir='ltr'>ἄλλῃ</span> 
     </span>
     <span class='ocr_line' id='line_1_25' title="bbox 316 2226 1919 2310; baseline 0.002 -24"><span class='ocrx_word' id='word_1_188' title='bbox 316 2228 377 2286; x_wconf 82' lang='grc' dir='ltr'>δὲ</span> <span class='ocrx_word' id='word_1_189' title='bbox 402 2229 582 2308; x_wconf 76' lang='grc' dir='ltr'>ἡμέρῃ</span> <span class='ocrx_word' id='word_1_190' title='bbox 609 2229 711 2289; x_wconf 78' lang='grc' dir='ltr'>οὔκ</span> <span class='ocrx_word' id='word_1_191' title='bbox 739 2226 808 2288; x_wconf 81' lang='grc' dir='ltr'>ἂν</span> <span class='ocrx_word' id='word_1_192' title='bbox 833 2229 913 2287; x_wconf 82' lang='grc' dir='ltr'>ἔτι</span> <span class='ocrx_word' id='word_1_193' title='bbox 948 2228 1273 2310; x_wconf 88' lang='grc' dir='ltr'>γευσαίατο·</span> <span class='ocrx_word' id='word_1_194' title='bbox 1316 2230 1369 2286; x_wconf 80' lang='grc' dir='ltr'>οἱ</span> <span class='ocrx_word' id='word_1_195' title='bbox 1396 2228 1456 2287; x_wconf 83' lang='grc' dir='ltr'>δὲ</span> <span class='ocrx_word' id='word_1_196' title='bbox 1486 2229 1715 2305; x_wconf 85' lang='grc' dir='ltr'>πένητες</span> <span class='ocrx_word' id='word_1_197' title='bbox 1740 2228 1919 2292; x_wconf 70' lang='grc' dir='ltr'>αὐτῶν</span> 
     </span>
     <span class='ocr_line' id='line_1_26' title="bbox 316 2314 1919 2396; baseline 0.004 -23"><span class='ocrx_word' id='word_1_198' title='bbox 316 2314 408 2373; x_wconf 73' lang='grc' dir='ltr'>ὑπ’</span> <span class='ocrx_word' id='word_1_199' title='bbox 428 2316 718 2390; x_wconf 77' lang='grc' dir='ltr'>ἀσθενείης</span> <span class='ocrx_word' id='word_1_200' title='bbox 733 2316 869 2390; x_wconf 87' lang='grc' dir='ltr'>βίου</span> <span class='ocrx_word' id='word_1_201' title='bbox 896 2316 1182 2378; x_wconf 84' lang='grc' dir='ltr'>σταιτίνας</span> <span class='ocrx_word' id='word_1_202' title='bbox 1200 2314 1575 2379; x_wconf 59' lang='grc' dir='ltr'>πλάσαντες’</span> <span class='ocrx_word' id='word_1_203' title='bbox 1542 2342 1605 2379; x_wconf 87' lang='grc' dir='ltr'>υς</span> <span class='ocrx_word' id='word_1_204' title='bbox 1629 2318 1720 2377; x_wconf 87' lang='grc' dir='ltr'>καὶ</span> <span class='ocrx_word' id='word_1_205' title='bbox 1746 2318 1919 2396; x_wconf 81' lang='grc' dir='ltr'>ὀπτή-</span> 
     </span>
    </p>

    <p class='ocr_par' dir='ltr' id='par_1_4' title="bbox 220 2400 1916 3365">
     <span class='ocr_line' id='line_1_27' title="bbox 220 2400 1916 2515; baseline 0.004 -55"><span class='ocrx_word' id='word_1_206' title='bbox 220 2405 296 2461; x_wconf 85' lang='grc'>48</span> <span class='ocrx_word' id='word_1_207' title='bbox 317 2427 519 2465; x_wconf 86' lang='grc' dir='ltr'>σαντες</span> <span class='ocrx_word' id='word_1_208' title='bbox 552 2401 756 2464; x_wconf 89' lang='grc' dir='ltr'>ταύτας</span> <span class='ocrx_word' id='word_1_209' title='bbox 792 2400 1009 2461; x_wconf 80' lang='grc' dir='ltr'>θύουσι.</span> <span class='ocrx_word' id='word_1_210' title='bbox 1091 2407 1182 2483; x_wconf 86' lang='grc' dir='ltr'>Τῳ</span> <span class='ocrx_word' id='word_1_211' title='bbox 1214 2403 1273 2463; x_wconf 81' lang='grc' dir='ltr'>δὲ</span> <span class='ocrx_word' id='word_1_212' title='bbox 1284 2403 1581 2515; x_wconf 87' lang='grc' dir='ltr'>Διονύσῳ,</span> <span class='ocrx_word' id='word_1_213' title='bbox 1608 2430 1710 2481; x_wconf 89' lang='grc' dir='ltr'>της</span> <span class='ocrx_word' id='word_1_214' title='bbox 1748 2406 1916 2484; x_wconf 82' lang='grc' dir='ltr'>ὁρτῆς</span> 
     </span>
     <span class='ocr_line' id='line_1_28' title="bbox 313 2463 1911 2599; baseline 0.008 -53"><span class='ocrx_word' id='word_1_215' title='bbox 313 2492 386 2566; x_wconf 68' lang='grc' dir='ltr'>τῇ</span> <span class='ocrx_word' id='word_1_216' title='bbox 413 2488 630 2567; x_wconf 89' lang='grc' dir='ltr'>δορπίῃ,</span> <span class='ocrx_word' id='word_1_217' title='bbox 656 2492 854 2567; x_wconf 83' lang='grc' dir='ltr'>χοῖρον</span> <span class='ocrx_word' id='word_1_218' title='bbox 878 2489 990 2567; x_wconf 80' lang='grc' dir='ltr'>πρὸ</span> <span class='ocrx_word' id='word_1_219' title='bbox 1016 2493 1128 2551; x_wconf 81' lang='grc' dir='ltr'>τῶν</span> <span class='ocrx_word' id='word_1_220' title='bbox 1141 2463 1371 2599; x_wconf 46' lang='grc' dir='ltr'>ζθυρεων</span> <span class='ocrx_word' id='word_1_221' title='bbox 1397 2492 1625 2568; x_wconf 78' lang='grc' dir='ltr'>σφαξας</span> <span class='ocrx_word' id='word_1_222' title='bbox 1662 2494 1911 2567; x_wconf 77' lang='grc' dir='ltr'>ἕκαστος,</span> 
     </span>
     <span class='ocr_line' id='line_1_29' title="bbox 314 2574 1913 2663; baseline 0.006 -29"><span class='ocrx_word' id='word_1_223' title='bbox 314 2575 461 2635; x_wconf 85' lang='grc' dir='ltr'>διδοῖ</span> <span class='ocrx_word' id='word_1_224' title='bbox 497 2574 888 2653; x_wconf 86' lang='grc' dir='ltr'>αποφέρεσθαι</span> <span class='ocrx_word' id='word_1_225' title='bbox 926 2577 1026 2637; x_wconf 75' lang='grc' dir='ltr'>τᾶν</span> <span class='ocrx_word' id='word_1_226' title='bbox 1067 2582 1264 2656; x_wconf 80' lang='grc' dir='ltr'>χοῖρον</span> <span class='ocrx_word' id='word_1_227' title='bbox 1298 2579 1444 2659; x_wconf 79' lang='grc' dir='ltr'>αὖτῳ</span> <span class='ocrx_word' id='word_1_228' title='bbox 1477 2607 1555 2659; x_wconf 90' lang='grc' dir='ltr'>τῳ</span> <span class='ocrx_word' id='word_1_229' title='bbox 1589 2580 1913 2663; x_wconf 74' lang='grc' dir='ltr'>ἀποδομένῳ</span> 
     </span>
     <span class='ocr_line' id='line_1_30' title="bbox 309 2664 1913 2750; baseline 0.004 -27"><span class='ocrx_word' id='word_1_230' title='bbox 309 2668 421 2725; x_wconf 77' lang='grc' dir='ltr'>τῶν</span> <span class='ocrx_word' id='word_1_231' title='bbox 459 2664 778 2741; x_wconf 86' lang='grc' dir='ltr'>συβωτέων.</span> <span class='ocrx_word' id='word_1_232' title='bbox 835 2664 963 2741; x_wconf 82' lang='grc' dir='ltr'>·τὴν</span> <span class='ocrx_word' id='word_1_233' title='bbox 1003 2666 1063 2725; x_wconf 75' lang='grc' dir='ltr'>δὲ</span> <span class='ocrx_word' id='word_1_234' title='bbox 1101 2666 1289 2743; x_wconf 79' lang='grc' dir='ltr'>ἄλλην</span> <span class='ocrx_word' id='word_1_235' title='bbox 1328 2666 1602 2748; x_wconf 79' lang='grc' dir='ltr'>α’νάγουσι</span> <span class='ocrx_word' id='word_1_236' title='bbox 1633 2667 1804 2745; x_wconf 79' lang='grc' dir='ltr'>ὁρτὴν</span> <span class='ocrx_word' id='word_1_237' title='bbox 1835 2679 1913 2750; x_wconf 75' lang='grc' dir='ltr'>τῷ</span> 
     </span>
     <span class='ocr_line' id='line_1_31' title="bbox 314 2752 1911 2834; baseline 0.006 -23"><span class='ocrx_word' id='word_1_238' title='bbox 314 2753 572 2833; x_wconf 86' lang='grc' dir='ltr'>Διονύσῳ</span> <span class='ocrx_word' id='word_1_239' title='bbox 627 2756 680 2814; x_wconf 82' lang='grc' dir='ltr'>οἶ</span> <span class='ocrx_word' id='word_1_240' title='bbox 733 2752 1046 2834; x_wconf 85' lang='grc' dir='ltr'>Αἰγύπτιοι,</span> <span class='ocrx_word' id='word_1_241' title='bbox 1088 2754 1243 2829; x_wconf 77' lang='grc' dir='ltr'>πλὴν</span> <span class='ocrx_word' id='word_1_242' title='bbox 1292 2760 1493 2833; x_wconf 76' lang='grc' dir='ltr'>χορῶν,</span> <span class='ocrx_word' id='word_1_243' title='bbox 1549 2756 1690 2817; x_wconf 68' lang='grc' dir='ltr'>κατὰ</span> <span class='ocrx_word' id='word_1_244' title='bbox 1734 2756 1911 2819; x_wconf 69' lang='grc' dir='ltr'>ταύτὰ</span> 
     </span>
     <span class='ocr_line' id='line_1_32' title="bbox 312 2839 1915 2922; baseline 0.003 -22"><span class='ocrx_word' id='word_1_245' title='bbox 312 2841 521 2921; x_wconf 80' lang='grc' dir='ltr'>σχεδὸν</span> <span class='ocrx_word' id='word_1_246' title='bbox 545 2839 728 2902; x_wconf 76' lang='grc' dir='ltr'>πάντα</span> <span class='ocrx_word' id='word_1_247' title='bbox 751 2841 1027 2918; x_wconf 87' lang='grc' dir='ltr'>Ἕλλησι·</span> <span class='ocrx_word' id='word_1_248' title='bbox 1069 2840 1193 2902; x_wconf 77' lang='grc' dir='ltr'>ἀντὶ</span> <span class='ocrx_word' id='word_1_249' title='bbox 1229 2842 1288 2901; x_wconf 81' lang='grc' dir='ltr'>δὲ</span> <span class='ocrx_word' id='word_1_250' title='bbox 1325 2847 1581 2918; x_wconf 78' lang='grc' dir='ltr'>φαλλῶν,</span> <span class='ocrx_word' id='word_1_251' title='bbox 1610 2843 1766 2903; x_wconf 76' lang='grc' dir='ltr'>ἄλλα</span> <span class='ocrx_word' id='word_1_252' title='bbox 1797 2848 1915 2922; x_wconf 90' lang='grc' dir='ltr'>σφί</span> 
     </span>
     <span class='ocr_line' id='line_1_33' title="bbox 312 2929 1909 3009; baseline 0.004 -22"><span class='ocrx_word' id='word_1_253' title='bbox 312 2933 437 2988; x_wconf 86' lang='grc' dir='ltr'>ἐστι</span> <span class='ocrx_word' id='word_1_254' title='bbox 477 2929 868 3007; x_wconf 81' lang='grc' dir='ltr'>ἐξευρημένα</span> <span class='ocrx_word' id='word_1_255' title='bbox 836 2955 976 2989; x_wconf 92' lang='grc' dir='ltr'>οσον</span> <span class='ocrx_word' id='word_1_256' title='bbox 1004 2954 1068 2990; x_wconf 85' lang='grc' dir='ltr'>τε</span> <span class='ocrx_word' id='word_1_257' title='bbox 1093 2932 1343 3008; x_wconf 79' lang='grc' dir='ltr'>πηχυαῖα</span> <span class='ocrx_word' id='word_1_258' title='bbox 1382 2929 1687 3009; x_wconf 81' lang='grc' dir='ltr'>α’γαλματα</span> <span class='ocrx_word' id='word_1_259' title='bbox 1726 2935 1909 3009; x_wconf 84' lang='grc' dir='ltr'>νευρό-</span> 
     </span>
     <span class='ocr_line' id='line_1_34' title="bbox 311 3016 1911 3130; baseline 0.004 -56"><span class='ocrx_word' id='word_1_260' title='bbox 311 3040 546 3077; x_wconf 89' lang='grc' dir='ltr'>σπαστα</span> <span class='ocrx_word' id='word_1_261' title='bbox 565 3016 636 3076; x_wconf 71' lang='grc' dir='ltr'>ταῖ</span> <span class='ocrx_word' id='word_1_262' title='bbox 657 3018 1059 3094; x_wconf 87' lang='grc' dir='ltr'>περιφορέουσι</span> <span class='ocrx_word' id='word_1_263' title='bbox 1080 3042 1224 3076; x_wconf 86' lang='grc' dir='ltr'>κατα</span> <span class='ocrx_word' id='word_1_264' title='bbox 1251 3016 1435 3094; x_wconf 79' lang='grc' dir='ltr'>κώμας</span> <span class='ocrx_word' id='word_1_265' title='bbox 1459 3023 1763 3130; x_wconf 48' lang='lat' dir='ltr'>thfffxes,</span> <span class='ocrx_word' id='word_1_266' title='bbox 1750 3025 1911 3082; x_wconf 83' lang='grc' dir='ltr'>νεῦον</span> 
     </span>
     <span class='ocr_line' id='line_1_35' title="bbox 313 3102 1909 3183; baseline 0.006 -24"><span class='ocrx_word' id='word_1_267' title='bbox 313 3102 381 3160; x_wconf 74' lang='grc' dir='ltr'>τὰ</span> <span class='ocrx_word' id='word_1_268' title='bbox 423 3104 634 3163; x_wconf 79' lang='grc' dir='ltr'>αἰδοῖον</span> <span class='ocrx_word' id='word_1_269' title='bbox 674 3130 738 3164; x_wconf 92' lang='grc' dir='ltr'>ου</span> <span class='ocrx_word' id='word_1_270' title='bbox 780 3108 981 3183; x_wconf 88' lang='grc' dir='ltr'>πολλῳ</span> <span class='ocrx_word' id='word_1_271' title='bbox 1019 3104 1124 3181; x_wconf 89' lang='grc' dir='ltr'>τέῳ</span> <span class='ocrx_word' id='word_1_272' title='bbox 1165 3103 1417 3164; x_wconf 83' lang='grc' dir='ltr'>ἔλασσον</span> <span class='ocrx_word' id='word_1_273' title='bbox 1457 3105 1551 3166; x_wconf 73' lang='grc' dir='ltr'>ἐὰν</span> <span class='ocrx_word' id='word_1_274' title='bbox 1587 3111 1691 3167; x_wconf 81' lang='grc' dir='ltr'>τοῦ</span> <span class='ocrx_word' id='word_1_275' title='bbox 1724 3107 1909 3170; x_wconf 89' lang='grc' dir='ltr'>αλλου</span> 
     </span>
     <span class='ocr_line' id='line_1_36' title="bbox 310 3187 1909 3299; baseline 0.009 -55"><span class='ocrx_word' id='word_1_276' title='bbox 310 3187 587 3263; x_wconf 80' lang='grc' dir='ltr'>σώματος·</span> <span class='ocrx_word' id='word_1_277' title='bbox 610 3193 962 3299; x_wconf 82' lang='grc' dir='ltr'>προηγέεται</span> <span class='ocrx_word' id='word_1_278' title='bbox 999 3190 1059 3249; x_wconf 83' lang='grc' dir='ltr'>δὲ</span> <span class='ocrx_word' id='word_1_279' title='bbox 1099 3188 1289 3259; x_wconf 81' lang='grc' dir='ltr'>αὗλὸς,</span> <span class='ocrx_word' id='word_1_280' title='bbox 1330 3195 1390 3252; x_wconf 80' lang='grc' dir='ltr'>αἱ</span> <span class='ocrx_word' id='word_1_281' title='bbox 1426 3193 1485 3253; x_wconf 80' lang='grc' dir='ltr'>δὲ</span> <span class='ocrx_word' id='word_1_282' title='bbox 1532 3220 1761 3257; x_wconf 90' lang='grc' dir='ltr'>επονται</span> <span class='ocrx_word' id='word_1_283' title='bbox 1798 3198 1909 3258; x_wconf 84' lang='grc' dir='ltr'>α’,εί-</span> 
     </span>
     <span class='ocr_line' id='line_1_37' title="bbox 309 3270 1908 3365; baseline 0.01 -35"><span class='ocrx_word' id='word_1_284' title='bbox 309 3270 508 3332; x_wconf 86' lang='grc' dir='ltr'>δουσαι</span> <span class='ocrx_word' id='word_1_285' title='bbox 559 3276 660 3336; x_wconf 79' lang='grc' dir='ltr'>τὸν</span> <span class='ocrx_word' id='word_1_286' title='bbox 702 3277 999 3337; x_wconf 87' lang='grc' dir='ltr'>Διόνυσον.</span> <span class='ocrx_word' id='word_1_287' title='bbox 1081 3275 1223 3337; x_wconf 88' lang='grc' dir='ltr'>διότι</span> <span class='ocrx_word' id='word_1_288' title='bbox 1263 3278 1323 3337; x_wconf 85' lang='grc' dir='ltr'>δὲ</span> <span class='ocrx_word' id='word_1_289' title='bbox 1366 3281 1536 3355; x_wconf 84' lang='grc' dir='ltr'>μέζον</span> <span class='ocrx_word' id='word_1_290' title='bbox 1570 3312 1636 3345; x_wconf 86' lang='grc' dir='ltr'>τε</span> <span class='ocrx_word' id='word_1_291' title='bbox 1686 3286 1801 3365; x_wconf 78' lang='grc' dir='ltr'>ἔχει</span> <span class='ocrx_word' id='word_1_292' title='bbox 1838 3312 1908 3348; x_wconf 87' lang='grc' dir='ltr'>το</span> 
     </span>
    </p>
   </div>
  </div>
 </body>
</html>
