2250 3500
347 92 447 139 243
984 89 1353 139 ἨΡΟΔΟΤΟΤ
1807 88 1940 151 [ΠΙ.

346 169 645 246 τριηκόσια
655 170 909 230 τάλαντα
924 168 1152 247 φόρος’
1114 195 1204 244 ην·
1233 167 1401 245 νομδς
1415 168 1750 232 δυωδέκατος
1765 165 1946 233 οὗτος.

256 256 365 317 93’
366 257 495 315 Aet-6
532 260 877 367 Πακτυϊκῆς
891 257 969 326 δὲ,
1002 258 1095 317 καὶ
1128 256 1446 334 Ἀρμενίων,
1489 282 1583 315 και
1619 260 1731 315 τῶν
1768 281 1948 332 προσ-

352 345 523 423 εχέων
566 345 736 422 μέχρι
776 346 877 405 τοῦ
908 344 1115 405 πόντου
1148 348 1252 403 τοῦ
1289 343 1571 413 Εὐξείνου,
1611 343 1950 421 τετρακόσια

349 430 619 491 τάλαντα·
660 430 830 508 νομός
856 432 1044 509 τρίτος
1082 432 1176 490 καὶ
1209 430 1435 494 δέκατος
1473 428 1654 493 οὗτος.
1736 429 1850 490 ἀπὸ
1889 430 1951 489 δὲ

354 519 693 599 Σαγαρτίων,
747 520 841 579 καὶ
899 519 1252 599 Σαραγγέων,
1304 519 1398 577 καὶ
1449 519 1799 595 Θαμαναίων,
1857 518 1952 577 καὶ

356 606 587 677 Οὐτίων,
619 608 713 666 καὶ
742 607 966 675 Μύκων,
999 607 1091 665 καὶ
1120 609 1233 666 τῶν
1272 611 1332 665 ἐν
1369 609 1507 684 τῇσι
1546 604 1778 681 νήσοισι
1811 608 1949 664 οἴκε-

355 694 527 755 όντων
564 698 675 755 τῶν
718 700 777 755 ἐν
816 698 889 772 τῇ
926 692 1174 771 Ἐρυθρῇ
1216 691 1506 772 θαλάσσῃ,
1549 697 1609 751 ἐν
1646 695 1784 771 τῇσι
1821 692 1954 755 τούς

354 781 755 845 ἀνασπάστους
784 782 1153 857 καλεομένους
1184 780 1480 851 κατοικίζει
1514 779 1810 856 βασιλεύς,
1837 778 1950 839 ἀπὸ

352 870 563 930 τούτων
604 869 825 931 πάντων
876 868 1144 939 ἑξακόσια
1191 867 1444 928 τάλαντα
1492 869 1702 948 ἐγίνετο
1755 867 1950 943 φόρος·

354 958 525 1033 νομός
565 958 828 1033 τέταρτος
875 957 967 1015 καὶ
1009 956 1237 1019 δέκατος
1277 953 1451 1019 οὗτος.
1538 954 1718 1019 Σάκαι
1759 955 1820 1035 δὲ
1859 956 1953 1014 καὶ

357 1044 613 1103 Κάσπιοι
641 1044 983 1119 πεντήκοντα
1013 1044 1106 1102 καὶ
1143 1041 1401 1118 διηκόσια
1431 1041 1654 1123 ἀγίνεον
1683 1041 1950 1102 τάλαντα·

358 1131 529 1208 νομὸς
558 1133 813 1207 πέμπτος
848 1132 943 1189 καὶ
972 1130 1200 1193 δέκατος
1239 1127 1418 1194 οὗτος.
1488 1129 1712 1207 Πάρθοι
1751 1130 1827 1200 δὲ,
1859 1130 1954 1191 καὶ

358 1218 696 1296 Χοράσμιοι,
745 1219 839 1278 καὶ
886 1217 1090 1299 Σόγδοι
1135 1243 1197 1277 τε
1245 1218 1338 1276 καὶ
1375 1216 1610 1292 Ἀρειοι,
1657 1216 1955 1295 τριηκόσια

262 1308 340 1367 94
356 1306 624 1367 τάλαντα·
654 1306 827 1383 νομὸς
852 1305 1006 1368 ἕκτος
1031 1306 1123 1364 καὶ
1143 1305 1367 1368 δέκατος
1388 1303 1566 1368 οὗτος.
1623 1304 1955 1382 Παρικάνιοι

360 1394 435 1465 δὲ,
456 1396 562 1460 ,καὶ
603 1395 865 1458 Αἰθίοπες
903 1396 958 1454 οἱ
998 1398 1059 1453 ἐκ
1099 1397 1202 1469 τῆς
1238 1391 1453 1469 Ἀσίης,
1485 1392 1822 1469 τετρακόσια
1859 1393 1953 1453 τά·

359 1487 539 1543 λαντα
566 1484 887 1563 α’παγίνεον·
927 1481 1096 1558 νομός
1124 1481 1369 1557 ἕβδομος
1395 1481 1487 1539 καὶ
1519 1480 1746 1543 δέκατος
1773 1478 1953 1545 οὗτος.

364 1575 706 1647 Ματιηνοῖσι
738 1571 814 1639 δὲ,
843 1571 935 1629 καὶ
972 1569 1310 1645 Σάσπειρσι,
1337 1568 1431 1627 καὶ
1459 1568 1851 1647 Ἀλαροδίοισι
1879 1570 1954 1628 δι-

357 1656 565 1733 ηκόσια
585 1656 911 1715 ἐπετέτακτο
924 1657 1193 1715 τάλαντα·
1215 1655 1388 1732 νομὰς
1407 1654 1605 1737 ὄγδοος
1621 1657 1712 1715 καὶ
1729 1657 1972 1720 δέκατος

360 1740 539 1807 οὗτος.
596 1742 896 1822 Μόσχοισι
914 1743 990 1814 δὲ,
1012 1743 1105 1802 καὶ
1123 1744 1516 1822 Τιβαρηνοῖσι,
1539 1744 1632 1803 καὶ
1659 1744 1954 1822 Μάκρωσι,

360 1831 452 1889 καὶ
496 1831 925 1902 Μοσυνοίκοισι,
967 1831 1061 1890 καὶ
1104 1833 1325 1908 Μαρσὶ,
1365 1832 1661 1909 τριηκόσια
1706 1832 1958 1892 τάλαντα

357 1920 673 1996 προείρητο·
715 1918 885 1997 νομός
911 1919 1121 1982 εἴνατος
1148 1920 1241 1977 καὶ
1272 1920 1498 1982 δέκατος
1523 1917 1703 1985 οὗτος.
1769 1919 1958 1981 Ἰνδῶν

360 2006 422 2066 δὲ
439 2006 659 2084 πλῆθός
682 2033 745 2068 τε
770 2011 969 2087 πολλῷ
988 2006 1310 2067 πλεῖστόν’
1285 2031 1409 2066 εστι
1434 2002 1654 2067 πάντων
1671 2010 1783 2068 τῶν
1796 2006 1958 2084 ἡμεῖς

358 2095 515 2173 ἴδμεν
550 2095 865 2191 ἀνθρώπων,
894 2096 985 2154 καὶ
1018 2094 1202 2173 φόρον
1231 2094 1532 2176 ἀπαγίνεον
1566 2094 1709 2171 πρός
1745 2095 1957 2159 πάντας

359 2209 489 2247 τους
525 2174 751 2254 αλλους,
781 2183 1045 2260 εξήκοντα
1077 2183 1170 2242 καὶ
1204 2182 1501 2261 τριηκόσια
1534 2182 1786 2244 τάλαντα
1811 2183 1955 2264 ψήγ-

266 2273 342 2330 95
358 2297 552 2348 ματος·
594 2270 765 2347 νομὰς
801 2271 1051 2333 εἰκοστός
1086 2269 1266 2333 offra-0³⁶
1336 2269 1416 2328 T6
1451 2273 1556 2346 μὲν
1589 2270 1657 2346 δὴ
1694 2270 1957 2351 α’ργύριον

357 2359 426 2417 τό
459 2357 827 2433 Βαβυλώνιον
860 2357 1001 2435 πρὸς
1033 2358 1101 2418 τό
1135 2357 1417 2434 Εὐβοϊκόν
1445 2358 1956 2435 συμβαλλεόμενον

302 2521 313 2530 ·
358 2445 635 2504 τάλαντον
666 2445 877 2526 γίνεται
907 2444 1322 2522 τεσσεράκοντα
1359 2445 1450 2504 καὶ
1486 2445 1828 2507 πεντακόσια
1863 2446 1956 2505 καὶ

362 2532 735 2610 εἰνακισχίλια
777 2531 1048 2593 τάλαντα.
1129 2533 1196 2592 τὰ
1249 2533 1308 2592 δὲ
1358 2533 1596 2612 χρυσίον
1646 2533 1954 2610 τρισκαιδε-

362 2618 673 2680 καστάσιον
720 2619 1096 2702 λογιζόμενον,
1138 2618 1205 2680 τό
1253 2623 1457 2701 ψῆγμα
1503 2619 1819 2698 εὑρίσκεται
1863 2620 1958 2680 ε’ὃν

360 2707 657 2785 Εὖβοῖκῶν
694 2707 981 2768 ταλάντων
1020 2706 1337 2788 ὀγδώκοντα
1377 2707 1470 2767 καὶ
1515 2707 1816 2778 ἑξακοσίων
1863 2707 1956 2766 καὶ

360 2795 836 2874 τετρακισχιλίων.
895 2795 1104 2856 τούτων
1131 2793 1208 2854 ὧν
1230 2794 1448 2856 πάντων
1467 2795 1872 2873 συντιθεμένων
1888 2793 1955 2855 τὰ

359 2885 593 2958 πλῆθος,
608 2882 866 2959 Εὐβοϊκὰ
886 2882 1137 2942 τάλαντα
1164 2883 1496 2963 συνελέγετο
1517 2887 1572 2946 ἐς
1587 2882 1690 2942 τᾶν
1710 2883 1956 2942 ἐπέτειον

360 2969 542 3047 φόρον
578 2972 794 3050 Δαρείῳ
833 2969 1005 3047 μύρια
1039 2970 1134 3029 καὶ
1167 2972 1593 3049 τετρακισχιλια
1629 2969 1723 3030 καὶ
1757 2994 1954 3030 πεντα-

363 3056 529 3116 κόσια
554 3059 646 3117 καὶ
673 3058 954 3134 ἑξήκοντα·
985 3056 1053 3118 τὸ
1079 3056 1127 3115 δ’
1147 3058 1229 3116 ἔτι
1252 3056 1461 3117 τούτων
1481 3060 1736 3119 ἔλασσον
1759 3056 1956 3128 ἀπιεὶς,

269 3139 345 3204 96
364 3141 427 3200 οὗ
458 3146 623 3224 λέγω.
694 3144 874 3206 Οὗτος
901 3144 1116 3224 Δαρείῳ
1141 3144 1383 3221 προσήῖε
1410 3145 1587 3223 φόρος
1618 3145 1732 3208 α’πό
1760 3171 1824 3207 τε
1856 3149 1957 3224 τῆς

362 3224 562 3306 Ἀσίης
593 3233 687 3290 καὶ
716 3235 817 3308 τῆς
843 3231 1067 3310 Λιβύης
1100 3230 1456 3311 ὀλιγαχόθεν·
1497 3233 1794 3308 προϊόντος
1831 3233 1956 3312 μέν·
