2250 3500
312 113 413 161 214
931 110 1298 161 ἨΡοΔοωοω
1777 109 1912 175 [111.

314 188 647 267 βάλλεσθαι
671 187 859 271 γόνον·
940 188 1240 270 Αἰγύπτιοι
1263 190 1325 249 δὲ
1356 190 1595 269 λέγουσι
1620 188 1798 253 σέλας
1823 190 1918 250 ε’πὶ

318 275 425 353 τήν
468 277 616 352 βοῦν
662 282 725 337 ε’κ
767 280 871 338 τοῦ
923 274 1162 354 ούρανοῦ
1216 277 1520 356 κατίσχειν,
1573 277 1673 335 καί
1711 302 1811 354 μιν
1855 282 1918 337 ἐκ

315 362 515 424 τούτου
538 364 745 425 τίκτειν
765 363 868 425 τὸν
882 362 1076 424 'An-w·
1118 365 1235 443 ἔχει
1265 363 1327 423 δὲ
1355 362 1389 424 ό
1421 362 1647 443 μόσχος
1677 362 1856 434 οὗτος,
1884 362 1917 426 ὅ

307 449 480 515 Ἀπις
526 451 878 528 καλεόμενος,
918 451 1142 528 σημήῖα
1190 450 1377 513 τοιάδε
1417 450 1522 511 ε’ὢν
1558 452 1757 528 μέλας·
1825 453 1920 513 ε’πὶ

317 540 423 615 μὲν
446 543 524 619 τῷ
544 540 779 619 μετώπῳ
806 539 1009 599 λευκὰν
1031 538 1392 622 τετράγωνον,
1414 538 1507 599 ε’πὶ
1532 537 1594 598 δὲ
1618 543 1720 599 τοῦ
1745 537 1920 601 νώτου

321 626 504 688 αἰετόν
530 628 876 705 εἰκασμένον,
904 630 964 687 ἐν
994 626 1055 686 δὲ
1079 631 1153 705 τῇ
1178 626 1316 705 ούρῇ
1340 625 1444 689 τὰς
1472 626 1669 705 τρίχας
1698 626 1919 700 διπλᾶς,

226 716 301 773 29
320 714 413 773 ἐπὶ
451 714 512 775 δὲ
548 719 621 794 τῇ
658 714 904 796 γλώσσῃ
948 713 1268 795 κάνθαρον.)
1347 712 1448 777 Ὡς
1482 714 1543 773 δὲ
1574 712 1793 796 ἤγαγον
1818 715 1922 776 τόν

310 800 484 864 Ἀπιν
510 804 563 863 οἱ
590 804 745 880 ἱρέες,
772 802 805 863 ὁ
842 800 1170 880 Καμβύσης
1205 802 1298 863 οἶα
1333 800 1436 867 ,έιιῖν
1465 800 1924 884 ὑπομαργότερος
2001 825 2006 830 ·

321 890 687 967 σπασάμενος
735 890 804 951 τὰ
856 890 1202 971 ἐγχειρίδιον,
1243 888 1424 950 θέλων
1467 888 1641 967 τύψαι
1677 889 1786 966 τὴν
1820 917 1922 971 γα-

323 978 499 1054 στέρα
520 981 622 1037 τοῦ
637 977 843 1041 Ἀπιος
866 978 1019 1036 παίει
1041 976 1145 1037 τόν
1175 976 1375 1055 μηρόν·
1414 976 1671 1058 γελάσας
1695 978 1924 1049 δὲ,·εἳπε

322 1063 464 1143 πρὸς
499 1064 629 1129 τοῦς
670 1065 835 1143 ἱρέας·
884 1064 971 1123 “ὧ
1010 1066 1176 1125 κακαὶ
1216 1066 1480 1141 κεφαλαὶ,
1518 1069 1764 1125 τοιοῦτοι
1805 1066 1924 1127 θεοὶ

321 1153 584 1233 γίνονται,
640 1153 856 1230 ἔναιμοί
900 1178 965 1214 τε
1011 1154 1106 1212 καὶ
1149 1152 1460 1231 σαρκώδεες
1503 1153 1598 1212 καὶ
1641 1152 1926 1219 ἐπαΐοντες

324 1240 618 1319 σιδηρίων;
686 1238 841 1311 ἄξιος
884 1242 989 1318 μὲν
1026 1240 1350 1323 Αἰγυπτίων
1393 1238 1558 1303 οὗτός
1592 1265 1662 1321 γε
1701 1240 1736 1302 ὅ
1777 1240 1922 1306 θεός·

323 1326 465 1407 οἷτάρ
508 1355 599 1390 τοι
640 1329 798 1408 ὑμεῖς
845 1354 914 1411 γε
956 1328 1021 1389 οὔ
1072 1328 1362 1408 χαίροντες
1411 1328 1636 1409 γέλωτα
1673 1332 1780 1406 ,ε’μὶ
1825 1329 1922 1406 θή-

326 1417 553 1479 σεσθε.”
617 1423 796 1479 ταῦτα
824 1419 998 1490 εἴπας,
1026 1418 1340 1479 ἐνετείλατο
1361 1420 1518 1478 τοῖσι
1539 1421 1718 1477 ταῦτα
1739 1417 1944 1496 πρήσ-,

326 1531 515 1579 σουσι,
541 1506 673 1571 τοῦς
695 1508 801 1583 μὲν
827 1508 976 1584 ἱρέας
1000 1504 1494 1587 α’πομαστιγῶσαι,
1521 1507 1838 1586 Αἰγυπτίων
1863 1506 1924 1566 δὲ

324 1598 434 1654 τῶν
486 1594 678 1655 ἄλλων
734 1594 836 1654 τόν
891 1592 960 1654 ἂν
980 1640 1001 1649 ,
1017 1592 1252 1670 λάβωσι
1312 1591 1618 1669 ὁρτάζοντα
1676 1594 1922 1654 κτείνειν.

327 1680 465 1760 ὄρτῆ
516 1684 621 1759 μὲν
670 1682 738 1758 δὴ
786 1682 1075 1741 διελέλυτο
1127 1681 1506 1762 Αἰγυπτίοισι·
1573 1682 1628 1741 οἱ
1673 1680 1736 1740 δὲ
1787 1682 1926 1760 ἱρέες

328 1769 677 1829 ἐδικαιεῦντο·
746 1769 778 1829 ὁ
826 1770 887 1829 δὲ
924 1767 1098 1833 Ἀπις
1137 1769 1532 1850 πεπληγμένος
1575 1769 1677 1830 τόν
1726 1770 1924 1848 μηρόν,

328 1857 519 1933 ἔφθινε
544 1861 604 1918 ἐν
626 1861 705 1936 τῷ
736 1859 835 1936 ἱρῷ
864 1857 1270 1934 κατακείμενος.
1353 1858 1448 1916 καὶ
1469 1856 1571 1918 τόν
1594 1860 1716 1935 μὲν,
1740 1863 1926 1919 τελευ-

326 1943 582 2020 τήσαντα
633 1949 695 2004 ἐκ
747 1949 852 2006 τοῦ.
886 1943 1175 2022 τρώματος
1213 1945 1429 2023 ἔθαψαν
1468 1947 1522 2004 οἱ
1563 1947 1705 2023 ἱρέες
1740 1946 1926 2024 λάθρη

235 2036 311 2093 30
330 2032 677 2111 Καμβύσεω·
740 2033 1066 2110 Καμβύσης
1105 2033 1190 2103 δὲ,
1224 2032 1298 2096 οἷς
1334 2034 1571 2114 λέγουσι
1609 2034 1925 2114 Αἰγύπτιοι,

329 2120 525 2181 αὐτίκα
556 2121 649 2181 διοὶ
682 2126 849 2182 τοῦτο
878 2120 946 2182 τό
982 2119 1228 2196 ἀδίκημα
1267 2120 1459 2197 ἐμάνη,
1492 2120 1597 2181 ε’ὢν
1635 2121 1763 2181 οὐδὲ
1791 2122 1926 2200 πρό·

326 2234 489 2285 τερον
530 2209 825 2288 φρενήρης·
904 2210 1005 2269 καὶ·
1034 2211 1245 2286 πρῶτα.
1268 2210 1372 2285 μὲν
1408 2213 1521 2269 τῶν
1559 2213 1742 2270 κακῶν
1782 2211 1927 2288 ε’ξερ-

334 2296 547 2376 γάσατο
570 2296 699 2373 ,τᾶν
744 2296 1023 2373 ἀδελφεόν
1076 2295 1317 2373 Σμέρδιν
1369 2295 1533 2357 ε’όντα
1577 2297 1792 2375 πατρός
1835 2299 1927 2358 καὶ

284 2423 293 2432 -
326 2382 538 2461 μητρός
566 2386 670 2459 τῆς
701 2382 886 2458 αὐτῆς,
921 2383 1021 2443 τόν
1050 2383 1349 2463 ἀπέπεμψε
1385 2388 1442 2448 ἐς
1478 2385 1710 2462 Πέρσας
1732 2384 1927 2466 ’φθόνῳ

330 2470 394 2540 ἐξ
431 2469 734 2550 Αἰγύπτου,
774 2469 864 2530 ὅτι
900 2470 969 2530 τὰ
1019 2471 1189 2542 τόξον
1233 2475 1439 2550 μοῦνος
1478 2473 1750 2550 Περσέων
1787 2474 1928 2534 ὅσον

240 2593 255 2607 ι
328 2581 393 2617 τε
418 2557 510 2616 ε’πὶ
544 2556 643 2617 δύο
678 2557 984 2622 δακτύλους
1014 2559 1218 2636 εἴρυσε,
1245 2559 1314 2620 τὰ
1344 2560 1500 2639 παρὰ
1529 2565 1631 2630 τιέὶ
1657 2562 1930 2625 Αἰθίοπος

328 2643 551 2722 ἤνεικαν
574 2649 658 2728 ,ιοὶ
697 2644 1084 2728 Ἰχθυοφάγοι·
1152 2652 1263 2708 τῶν
1306 2647 1367 2707 δὲ
1415 2647 1610 2708 ἄλλων
1662 2649 1930 2727 Περσέων

333 2732 508 2798 οὐδεὶς
533 2733 651 2797 οἶός
682 2759 747 2795 τε
782 2734 1021 2814 ἐγένετο.
1104 2733 1480 2814 ἀποιχομένου
1507 2734 1581 2796 ὧν
1612 2741 1670 2799 ές
1699 2737 1932 2814 Πέρσας

330 2825 432 2881 τοῦ
475 2823 761 2901 Σμέρδιος,
804 2821 938 2900 ὄψιν
970 2823 1083 2883 εἶδε
1115 2822 1150 2883 ὁ
1186 2823 1515 2901 Καμβύσης
1557 2827 1618 2885 ἐν
1661 2829 1740 2903 τῷ
1779 2823 1930 2904 ὕπνῳ

330 2909 565 2985 τοιήνδε·
646 2911 801 2980 ἔδοξέ
852 2912 908 2971 οἱ
960 2908 1206 2992 ἄγγελον
1259 2909 1497 2973 ἐλθόντα
1549 2917 1612 2972 ἐκ
1664 2913 1932 2990 Περσέων

334 2993 651 3076 ἀγγέλλειν,
693 2997 765 3062 ὥς
800 3003 860 3058 ἐν
900 3003 978 3077 τῷ
1017 2999 1196 3078 θρόνῳ
1215 3004 1312 3078 .τῷ
1350 3001 1654 3080 βασιληίῳ·
1684 3000 1933 3078 ἱζόμενος

336 3083 585 3159 Σμέρδις,
610 3090 682 3163 τῇ
716 3090 941 3164 κεφαλῇ
979 3091 1079 3146 τοῦ
1114 3087 1351 3164 ούρανοῦ
1381 3088 1637 3167 ψαύσειε·
1691 3089 1834 3167 πρός
1859 3088 1933 3150 ὧν

333 3171 525 3238 ταῦτα,
579 3171 768 3236 δείσας
820 3175 949 3252 περὶ
1000 3177 1203 3233 ἑωυτοῦ
1252 3173 1335 3251 μή
1384 3201 1483 3253 μιν
1527 3176 1859 3241 ἀποκτείνας
1897 3175 1932 3236 ὅ

337 3248 611 3328 ἀδελφεὰς
648 3257 813 3338 ἄρχῃ,
852 3261 1063 3338 πέμπει
1098 3261 1454 3338 Πρηξάσπεα
1487 3269 1544 3329 ἐς
1580 3265 1832 3336 Πέρσας,
1869 3263 1934 3328 ὃς
