<?xml version="1.0" encoding="UTF-8"?>
<!DOCTYPE html PUBLIC "-//W3C//DTD XHTML 1.0 Transitional//EN"
    "http://www.w3.org/TR/xhtml1/DTD/xhtml1-transitional.dtd">
<html xmlns="http://www.w3.org/1999/xhtml" xml:lang="en" lang="en">
 <head>
  <title>
</title>
<meta http-equiv="Content-Type" content="text/html;charset=utf-8" />
  <meta name='ocr-system' content='tesseract 3.04.00' />
  <meta name='ocr-capabilities' content='ocr_page ocr_carea ocr_par ocr_line ocrx_word'/>
</head>
<body>
  <div class='ocr_page' id='page_1' title='image "./herodotus04blakgoog_0177.png"; bbox 0 0 2250 3500; ppageno 0'>
   <div class='ocr_carea' id='block_1_1' title="bbox 297 107 2021 3215">
    <p class='ocr_par' dir='ltr' id='par_1_1' title="bbox 297 107 1928 2107">
     <span class='ocr_line' id='line_1_1' title="bbox 299 107 1903 174; baseline -0.001 -14"><span class='ocrx_word' id='word_1_1' title='bbox 299 107 593 174; x_wconf 74' lang='grc' dir='ltr'>ιιι-116]</span> <span class='ocrx_word' id='word_1_2' title='bbox 951 109 1277 161; x_wconf 68' lang='lat' dir='ltr'><strong>ssm&#39;sspnn.</strong></span> <span class='ocrx_word' id='word_1_3' title='bbox 1814 111 1903 159; x_wconf 78' lang='lat'>161</span> 
     </span>
     <span class='ocr_line' id='line_1_2' title="bbox 298 185 1911 266; baseline 0 -18"><span class='ocrx_word' id='word_1_4' title='bbox 298 185 508 250; x_wconf 80' lang='grc' dir='ltr'>ὅκόθεν</span> <span class='ocrx_word' id='word_1_5' title='bbox 550 189 739 248; x_wconf 89' lang='grc' dir='ltr'>πλέοι·</span> <span class='ocrx_word' id='word_1_6' title='bbox 788 187 934 264; x_wconf 71' lang='grc' dir='ltr'>μετὰ</span> <span class='ocrx_word' id='word_1_7' title='bbox 979 189 1056 258; x_wconf 75' lang='grc' dir='ltr'>δὲ,</span> <span class='ocrx_word' id='word_1_8' title='bbox 1103 188 1138 248; x_wconf 81' lang='grc' dir='ltr'>ὅ</span> <span class='ocrx_word' id='word_1_9' title='bbox 1185 187 1446 266; x_wconf 74' lang='grc' dir='ltr'>Πρωτεῦς</span> <span class='ocrx_word' id='word_1_10' title='bbox 1497 186 1695 266; x_wconf 76' lang='grc' dir='ltr'>εἶρῶτα</span> <span class='ocrx_word' id='word_1_11' title='bbox 1740 186 1911 248; x_wconf 82' lang='grc' dir='ltr'>αὖτὸν</span> 
     </span>
     <span class='ocr_line' id='line_1_3' title="bbox 299 274 1915 352; baseline 0 -16"><span class='ocrx_word' id='word_1_12' title='bbox 299 274 505 336; x_wconf 79' lang='grc' dir='ltr'>ὅκόθεν</span> <span class='ocrx_word' id='word_1_13' title='bbox 555 274 660 351; x_wconf 81' lang='grc' dir='ltr'>τήν</span> <span class='ocrx_word' id='word_1_14' title='bbox 712 274 948 352; x_wconf 82' lang='grc' dir='ltr'>Ἑλένην</span> <span class='ocrx_word' id='word_1_15' title='bbox 999 275 1216 352; x_wconf 70' lang='grc' dir='ltr'>λάβοις</span> <span class='ocrx_word' id='word_1_16' title='bbox 1284 277 1648 352; x_wconf 81' lang='grc' dir='ltr'>πλανωμένου</span> <span class='ocrx_word' id='word_1_17' title='bbox 1700 275 1761 336; x_wconf 82' lang='grc' dir='ltr'>δὲ</span> <span class='ocrx_word' id='word_1_18' title='bbox 1811 279 1915 336; x_wconf 78' lang='grc' dir='ltr'>τοῦ</span> 
     </span>
     <span class='ocr_line' id='line_1_4' title="bbox 297 360 1911 444; baseline 0 -22"><span class='ocrx_word' id='word_1_19' title='bbox 297 361 678 440; x_wconf 85' lang='grc' dir='ltr'>Ἀλεξάνδρου</span> <span class='ocrx_word' id='word_1_20' title='bbox 716 369 774 424; x_wconf 88' lang='grc' dir='ltr'>ἐν</span> <span class='ocrx_word' id='word_1_21' title='bbox 802 367 881 442; x_wconf 73' lang='grc' dir='ltr'>τῷ</span> <span class='ocrx_word' id='word_1_22' title='bbox 911 363 1064 444; x_wconf 81' lang='grc' dir='ltr'>λόγῳ</span> <span class='ocrx_word' id='word_1_23' title='bbox 1097 364 1191 422; x_wconf 82' lang='grc' dir='ltr'>καὶ</span> <span class='ocrx_word' id='word_1_24' title='bbox 1228 360 1294 423; x_wconf 75' lang='grc' dir='ltr'>οὔ</span> <span class='ocrx_word' id='word_1_25' title='bbox 1330 363 1595 443; x_wconf 82' lang='grc' dir='ltr'>λέγοντος</span> <span class='ocrx_word' id='word_1_26' title='bbox 1631 363 1737 438; x_wconf 76' lang='grc' dir='ltr'>τὴν</span> <span class='ocrx_word' id='word_1_27' title='bbox 1774 361 1911 440; x_wconf 83' lang='grc' dir='ltr'>ἀλη-</span> 
     </span>
     <span class='ocr_line' id='line_1_5' title="bbox 303 449 1914 532; baseline 0.001 -22"><span class='ocrx_word' id='word_1_28' title='bbox 303 449 488 526; x_wconf 79' lang='grc' dir='ltr'>θηΐην,</span> <span class='ocrx_word' id='word_1_29' title='bbox 505 449 754 532; x_wconf 81' lang='grc' dir='ltr'>ἤλεγχον</span> <span class='ocrx_word' id='word_1_30' title='bbox 773 453 827 511; x_wconf 84' lang='grc' dir='ltr'>οἶ</span> <span class='ocrx_word' id='word_1_31' title='bbox 850 450 1139 532; x_wconf 88' lang='grc' dir='ltr'>γενόμενοι</span> <span class='ocrx_word' id='word_1_32' title='bbox 1160 449 1335 509; x_wconf 79' lang='grc' dir='ltr'>ἱκέται</span> <span class='ocrx_word' id='word_1_33' title='bbox 1361 449 1711 530; x_wconf 74' lang='grc' dir='ltr'>ἐξηγεύμενοι</span> <span class='ocrx_word' id='word_1_34' title='bbox 1730 449 1914 512; x_wconf 85' lang='grc' dir='ltr'>πάντα</span> 
     </span>
     <span class='ocr_line' id='line_1_6' title="bbox 302 535 1910 620; baseline -0.001 -22"><span class='ocrx_word' id='word_1_35' title='bbox 302 537 486 619; x_wconf 88' lang='grc' dir='ltr'>λόγον</span> <span class='ocrx_word' id='word_1_36' title='bbox 510 541 612 598; x_wconf 83' lang='grc' dir='ltr'>τοῦ</span> <span class='ocrx_word' id='word_1_37' title='bbox 640 537 996 615; x_wconf 87' lang='grc' dir='ltr'>ἀδικήματος·</span> <span class='ocrx_word' id='word_1_38' title='bbox 1037 538 1203 601; x_wconf 83' lang='grc' dir='ltr'>τέλος</span> <span class='ocrx_word' id='word_1_39' title='bbox 1230 537 1289 596; x_wconf 80' lang='grc' dir='ltr'>δὲ</span> <span class='ocrx_word' id='word_1_40' title='bbox 1314 535 1384 612; x_wconf 89' lang='grc' dir='ltr'>δή</span> <span class='ocrx_word' id='word_1_41' title='bbox 1412 543 1525 612; x_wconf 86' lang='grc' dir='ltr'>σφι</span> <span class='ocrx_word' id='word_1_42' title='bbox 1550 535 1726 620; x_wconf 82' lang='grc' dir='ltr'>λόγον</span> <span class='ocrx_word' id='word_1_43' title='bbox 1750 537 1910 599; x_wconf 82' lang='grc' dir='ltr'>τόνδε</span> 
     </span>
     <span class='ocr_line' id='line_1_7' title="bbox 305 623 1916 706; baseline -0.001 -21"><span class='ocrx_word' id='word_1_44' title='bbox 305 625 562 700; x_wconf 87' lang='grc' dir='ltr'>ἐκφαίνει</span> <span class='ocrx_word' id='word_1_45' title='bbox 605 625 639 685; x_wconf 80' lang='grc' dir='ltr'>ὁ</span> <span class='ocrx_word' id='word_1_46' title='bbox 679 625 954 704; x_wconf 75' lang='grc' dir='ltr'>Πρωτεῦς,</span> <span class='ocrx_word' id='word_1_47' title='bbox 1004 625 1187 706; x_wconf 88' lang='grc' dir='ltr'>λέγων</span> <span class='ocrx_word' id='word_1_48' title='bbox 1234 623 1322 685; x_wconf 82' lang='grc' dir='ltr'>ὅτι</span> <span class='ocrx_word' id='word_1_49' title='bbox 1370 629 1439 660; x_wconf 90' lang='lat'><strong>“</strong></span> <span class='ocrx_word' id='word_1_50' title='bbox 1414 650 1523 705; x_wconf 89' lang='grc' dir='ltr'>εγω</span> <span class='ocrx_word' id='word_1_51' title='bbox 1566 629 1615 684; x_wconf 83' lang='grc' dir='ltr'>εἰ</span> <span class='ocrx_word' id='word_1_52' title='bbox 1659 624 1740 701; x_wconf 83' lang='grc' dir='ltr'><em>μή</em></span> <span class='ocrx_word' id='word_1_53' title='bbox 1786 626 1916 703; x_wconf 87' lang='grc' dir='ltr'>περὶ</span> 
     </span>
     <span class='ocr_line' id='line_1_8' title="bbox 303 710 1917 794; baseline -0.001 -22"><span class='ocrx_word' id='word_1_54' title='bbox 303 715 537 774; x_wconf 79' lang='grc' dir='ltr'>πολλοῦ</span> <span class='ocrx_word' id='word_1_55' title='bbox 574 712 824 794; x_wconf 77' lang='grc' dir='ltr'>ἡγεύμην</span> <span class='ocrx_word' id='word_1_56' title='bbox 873 713 1087 790; x_wconf 84' lang='grc' dir='ltr'>μηδένα</span> <span class='ocrx_word' id='word_1_57' title='bbox 1137 712 1329 782; x_wconf 85' lang='grc' dir='ltr'>ξείνων</span> <span class='ocrx_word' id='word_1_58' title='bbox 1370 712 1613 786; x_wconf 81' lang='grc' dir='ltr'>κτείνειν,</span> <span class='ocrx_word' id='word_1_59' title='bbox 1656 711 1785 771; x_wconf 86' lang='grc' dir='ltr'>ὅσοι</span> <span class='ocrx_word' id='word_1_60' title='bbox 1823 710 1917 771; x_wconf 74' lang='grc' dir='ltr'>ὕπ’</span> 
     </span>
     <span class='ocr_line' id='line_1_9' title="bbox 307 799 1917 879; baseline 0.001 -20"><span class='ocrx_word' id='word_1_61' title='bbox 307 799 528 876; x_wconf 80' lang='grc' dir='ltr'>ἀνέμων</span> <span class='ocrx_word' id='word_1_62' title='bbox 572 799 678 876; x_wconf 83' lang='grc' dir='ltr'>ἤδη</span> <span class='ocrx_word' id='word_1_63' title='bbox 721 799 1193 877; x_wconf 72' lang='grc' dir='ltr'>ἀπολαμφθέντες</span> <span class='ocrx_word' id='word_1_64' title='bbox 1243 799 1424 877; x_wconf 84' lang='grc' dir='ltr'>ἦλθον</span> <span class='ocrx_word' id='word_1_65' title='bbox 1466 804 1521 864; x_wconf 89' lang='grc' dir='ltr'>ἐς</span> <span class='ocrx_word' id='word_1_66' title='bbox 1573 799 1761 879; x_wconf 79' lang='grc' dir='ltr'>χώρην</span> <span class='ocrx_word' id='word_1_67' title='bbox 1812 799 1917 876; x_wconf 79' lang='grc' dir='ltr'>τὴν</span> 
     </span>
     <span class='ocr_line' id='line_1_10' title="bbox 314 885 1912 969; baseline 0.001 -23"><span class='ocrx_word' id='word_1_68' title='bbox 314 886 472 964; x_wconf 86' lang='grc' dir='ltr'>ἐμην,</span> <span class='ocrx_word' id='word_1_69' title='bbox 499 886 668 969; x_wconf 79' lang='grc' dir='ltr'>ἐγῶ”</span> <span class='ocrx_word' id='word_1_70' title='bbox 632 913 700 948; x_wconf 91' lang='grc' dir='ltr'>αν</span> <span class='ocrx_word' id='word_1_71' title='bbox 725 913 798 949; x_wconf 86' lang='grc' dir='ltr'>σε</span> <span class='ocrx_word' id='word_1_72' title='bbox 825 887 965 966; x_wconf 76' lang='grc' dir='ltr'>ὖπέρ</span> <span class='ocrx_word' id='word_1_73' title='bbox 992 891 1092 949; x_wconf 83' lang='grc' dir='ltr'>τοῦ</span> <span class='ocrx_word' id='word_1_74' title='bbox 1116 887 1401 964; x_wconf 84' lang='grc' dir='ltr'>Ἕλληνος</span> <span class='ocrx_word' id='word_1_75' title='bbox 1428 885 1719 964; x_wconf 78' lang='grc' dir='ltr'>ἐτισάμην·</span> <span class='ocrx_word' id='word_1_76' title='bbox 1761 913 1839 958; x_wconf 85' lang='grc' dir='ltr'>ος,</span> <span class='ocrx_word' id='word_1_77' title='bbox 1868 885 1912 948; x_wconf 78' lang='grc' dir='ltr'><strong><em>ὦ</em></strong></span> 
     </span>
     <span class='ocr_line' id='line_1_11' title="bbox 314 973 1916 1056; baseline 0.003 -25"><span class='ocrx_word' id='word_1_78' title='bbox 314 973 545 1035; x_wconf 85' lang='grc' dir='ltr'>κάκιστε</span> <span class='ocrx_word' id='word_1_79' title='bbox 592 974 818 1054; x_wconf 76' lang='grc' dir='ltr'>ἀνδρῶν,</span> <span class='ocrx_word' id='word_1_80' title='bbox 860 976 1069 1046; x_wconf 86' lang='grc' dir='ltr'>ξεινιων</span> <span class='ocrx_word' id='word_1_81' title='bbox 1105 999 1291 1056; x_wconf 89' lang='grc' dir='ltr'>τυχων</span> <span class='ocrx_word' id='word_1_82' title='bbox 1331 975 1493 1056; x_wconf 79' lang='grc' dir='ltr'>ἔργον</span> <span class='ocrx_word' id='word_1_83' title='bbox 1538 974 1916 1036; x_wconf 70' lang='grc' dir='ltr'>ἀνοσιώτατον</span> 
     </span>
     <span class='ocr_line' id='line_1_12' title="bbox 317 1061 1918 1145; baseline 0 -23"><span class='ocrx_word' id='word_1_84' title='bbox 317 1061 584 1144; x_wconf 83' lang='grc' dir='ltr'>ἐργάσαο,</span> <span class='ocrx_word' id='word_1_85' title='bbox 639 1063 794 1142; x_wconf 70' lang='grc' dir='ltr'>παρὰ</span> <span class='ocrx_word' id='word_1_86' title='bbox 843 1067 946 1125; x_wconf 81' lang='grc' dir='ltr'>τοῦ</span> <span class='ocrx_word' id='word_1_87' title='bbox 996 1067 1245 1125; x_wconf 74' lang='grc' dir='ltr'>σεωυτοῦ</span> <span class='ocrx_word' id='word_1_88' title='bbox 1298 1063 1477 1133; x_wconf 78' lang='grc' dir='ltr'>ξείνου</span> <span class='ocrx_word' id='word_1_89' title='bbox 1526 1088 1633 1140; x_wconf 87' lang='grc' dir='ltr'>την</span> <span class='ocrx_word' id='word_1_90' title='bbox 1682 1067 1918 1145; x_wconf 81' lang='grc' dir='ltr'>γυναῖκα</span> 
     </span>
     <span class='ocr_line' id='line_1_13' title="bbox 317 1148 1916 1229; baseline 0.001 -21"><span class='ocrx_word' id='word_1_91' title='bbox 317 1148 508 1225; x_wconf 84' lang='grc' dir='ltr'>ἦλθες·</span> <span class='ocrx_word' id='word_1_92' title='bbox 551 1150 644 1210; x_wconf 87' lang='grc' dir='ltr'>καὶ</span> <span class='ocrx_word' id='word_1_93' title='bbox 678 1151 838 1229; x_wconf 88' lang='grc' dir='ltr'>μάλα</span> <span class='ocrx_word' id='word_1_94' title='bbox 874 1151 1051 1212; x_wconf 81' lang='grc' dir='ltr'>ταῦτά</span> <span class='ocrx_word' id='word_1_95' title='bbox 1081 1176 1172 1212; x_wconf 84' lang='grc' dir='ltr'>τοι</span> <span class='ocrx_word' id='word_1_96' title='bbox 1204 1150 1305 1212; x_wconf 79' lang='grc' dir='ltr'>οὔκ</span> <span class='ocrx_word' id='word_1_97' title='bbox 1340 1149 1565 1229; x_wconf 88' lang='grc' dir='ltr'>ἤρκεσε,</span> <span class='ocrx_word' id='word_1_98' title='bbox 1598 1149 1753 1212; x_wconf 80' lang='grc' dir='ltr'>ἀλλά</span> <span class='ocrx_word' id='word_1_99' title='bbox 1790 1151 1916 1212; x_wconf 88' lang='grc' dir='ltr'>ἀνα-</span> 
     </span>
     <span class='ocr_line' id='line_1_14' title="bbox 317 1237 1921 1320; baseline 0 -22"><span class='ocrx_word' id='word_1_100' title='bbox 317 1237 608 1314; x_wconf 74' lang='grc' dir='ltr'>πτερώσας</span> <span class='ocrx_word' id='word_1_101' title='bbox 653 1237 828 1315; x_wconf 73' lang='grc' dir='ltr'>αὐτὴν</span> <span class='ocrx_word' id='word_1_102' title='bbox 869 1241 1050 1320; x_wconf 85' lang='grc' dir='ltr'>οἴχεαι</span> <span class='ocrx_word' id='word_1_103' title='bbox 1103 1240 1245 1318; x_wconf 82' lang='grc' dir='ltr'>ἔχων</span> <span class='ocrx_word' id='word_1_104' title='bbox 1286 1239 1579 1318; x_wconf 84' lang='grc' dir='ltr'>ἐκκλέψας·</span> <span class='ocrx_word' id='word_1_105' title='bbox 1650 1240 1741 1299; x_wconf 86' lang='grc' dir='ltr'>καὶ</span> <span class='ocrx_word' id='word_1_106' title='bbox 1794 1238 1921 1298; x_wconf 75' lang='grc' dir='ltr'>οὐδὲ</span> 
     </span>
     <span class='ocr_line' id='line_1_15' title="bbox 319 1325 1921 1432; baseline 0 -46"><span class='ocrx_word' id='word_1_107' title='bbox 319 1325 498 1386; x_wconf 83' lang='grc' dir='ltr'>ταῦτά</span> <span class='ocrx_word' id='word_1_108' title='bbox 547 1351 637 1387; x_wconf 86' lang='grc' dir='ltr'>τοι</span> <span class='ocrx_word' id='word_1_109' title='bbox 688 1331 869 1404; x_wconf 83' lang='grc' dir='ltr'>μοῦνα</span> <span class='ocrx_word' id='word_1_110' title='bbox 913 1326 1138 1432; x_wconf 60' lang='grc' dir='ltr'>ἤρκεσε,</span> <span class='ocrx_word' id='word_1_111' title='bbox 1186 1325 1341 1386; x_wconf 87' lang='grc' dir='ltr'>ἀλλα</span> <span class='ocrx_word' id='word_1_112' title='bbox 1385 1327 1478 1384; x_wconf 83' lang='grc' dir='ltr'>καὶ</span> <span class='ocrx_word' id='word_1_113' title='bbox 1516 1350 1587 1385; x_wconf 90' lang='grc' dir='ltr'>τα</span> <span class='ocrx_word' id='word_1_114' title='bbox 1631 1325 1777 1386; x_wconf 80' lang='grc' dir='ltr'>οἰκία</span> <span class='ocrx_word' id='word_1_115' title='bbox 1820 1330 1921 1386; x_wconf 82' lang='grc' dir='ltr'>τοῦ</span> 
     </span>
     <span class='ocr_line' id='line_1_16' title="bbox 321 1411 1921 1492; baseline 0 -20"><span class='ocrx_word' id='word_1_116' title='bbox 321 1413 500 1484; x_wconf 80' lang='grc' dir='ltr'>ξείνου</span> <span class='ocrx_word' id='word_1_117' title='bbox 525 1440 788 1492; x_wconf 89' lang='grc' dir='ltr'>κεραισας</span> <span class='ocrx_word' id='word_1_118' title='bbox 793 1413 981 1491; x_wconf 84' lang='grc' dir='ltr'>,ἥκεις-</span> <span class='ocrx_word' id='word_1_119' title='bbox 1063 1417 1162 1474; x_wconf 83' lang='grc' dir='ltr'>νῦν</span> <span class='ocrx_word' id='word_1_120' title='bbox 1197 1438 1287 1483; x_wconf 90' lang='grc' dir='ltr'>ων,</span> <span class='ocrx_word' id='word_1_121' title='bbox 1316 1411 1503 1488; x_wconf 87' lang='grc' dir='ltr'>ἐπειδη</span> <span class='ocrx_word' id='word_1_122' title='bbox 1540 1412 1669 1489; x_wconf 85' lang='grc' dir='ltr'>περὶ</span> <span class='ocrx_word' id='word_1_123' title='bbox 1698 1416 1921 1472; x_wconf 81' lang='grc' dir='ltr'>πολλοῦ</span> 
     </span>
     <span class='ocr_line' id='line_1_17' title="bbox 320 1499 1925 1584; baseline 0 -24"><span class='ocrx_word' id='word_1_124' title='bbox 320 1499 535 1584; x_wconf 82' lang='grc' dir='ltr'>ἥγημαι</span> <span class='ocrx_word' id='word_1_125' title='bbox 556 1527 640 1580; x_wconf 85' lang='grc' dir='ltr'>μη</span> <span class='ocrx_word' id='word_1_126' title='bbox 667 1501 1072 1572; x_wconf 81' lang='grc' dir='ltr'>ξεινοκτονέειν,</span> <span class='ocrx_word' id='word_1_127' title='bbox 1097 1503 1335 1582; x_wconf 82' lang='grc' dir='ltr'>γυναῖκα</span> <span class='ocrx_word' id='word_1_128' title='bbox 1368 1502 1472 1576; x_wconf 75' lang='grc' dir='ltr'>μὲν</span> <span class='ocrx_word' id='word_1_129' title='bbox 1502 1499 1709 1575; x_wconf 79' lang='grc' dir='ltr'>ταύτην</span> <span class='ocrx_word' id='word_1_130' title='bbox 1734 1499 1827 1558; x_wconf 81' lang='grc' dir='ltr'>καὶ</span> <span class='ocrx_word' id='word_1_131' title='bbox 1852 1499 1925 1560; x_wconf 83' lang='grc' dir='ltr'>τά</span> 
     </span>
     <span class='ocr_line' id='line_1_18' title="bbox 321 1585 1921 1668; baseline -0.002 -20"><span class='ocrx_word' id='word_1_132' title='bbox 321 1588 587 1668; x_wconf 87' lang='grc' dir='ltr'>χρήματα</span> <span class='ocrx_word' id='word_1_133' title='bbox 614 1587 680 1650; x_wconf 78' lang='grc' dir='ltr'>οὗ</span> <span class='ocrx_word' id='word_1_134' title='bbox 710 1614 800 1650; x_wconf 86' lang='grc' dir='ltr'>τοι</span> <span class='ocrx_word' id='word_1_135' title='bbox 825 1589 1059 1668; x_wconf 85' lang='grc' dir='ltr'>προήσω</span> <span class='ocrx_word' id='word_1_136' title='bbox 1090 1586 1429 1668; x_wconf 84' lang='grc' dir='ltr'>ἀπάγεσθαι,</span> <span class='ocrx_word' id='word_1_137' title='bbox 1458 1585 1613 1648; x_wconf 85' lang='grc' dir='ltr'>ἀλλά</span> <span class='ocrx_word' id='word_1_138' title='bbox 1644 1585 1785 1646; x_wconf 78' lang='grc' dir='ltr'>αὐτοὶ</span> <span class='ocrx_word' id='word_1_139' title='bbox 1812 1586 1921 1668; x_wconf 71' lang='grc' dir='ltr'>ἐγῶ</span> 
     </span>
     <span class='ocr_line' id='line_1_19' title="bbox 323 1673 1926 1757; baseline 0.001 -21"><span class='ocrx_word' id='word_1_140' title='bbox 323 1680 400 1757; x_wconf 74' lang='grc' dir='ltr'>τῷ</span> <span class='ocrx_word' id='word_1_141' title='bbox 438 1675 685 1754; x_wconf 86' lang='grc' dir='ltr'>Ἕλληνι</span> <span class='ocrx_word' id='word_1_142' title='bbox 739 1677 896 1757; x_wconf 74' lang='grc' dir='ltr'>ξείνῳ</span> <span class='ocrx_word' id='word_1_143' title='bbox 941 1675 1193 1754; x_wconf 80' lang='grc' dir='ltr'>φυλάξω,</span> <span class='ocrx_word' id='word_1_144' title='bbox 1232 1681 1300 1748; x_wconf 59' lang='grc' dir='ltr'>ἐς,</span> <span class='ocrx_word' id='word_1_145' title='bbox 1329 1673 1364 1737; x_wconf 77' lang='lat'><strong>3</strong></span> <span class='ocrx_word' id='word_1_146' title='bbox 1409 1673 1480 1736; x_wconf 77' lang='grc' dir='ltr'>ἂν</span> <span class='ocrx_word' id='word_1_147' title='bbox 1532 1673 1696 1740; x_wconf 75' lang='grc' dir='ltr'>αὐτὸς</span> <span class='ocrx_word' id='word_1_148' title='bbox 1748 1674 1926 1737; x_wconf 77' lang='grc' dir='ltr'>ἐλθῶν</span> 
     </span>
     <span class='ocr_line' id='line_1_20' title="bbox 326 1763 1928 1848; baseline 0.002 -24"><span class='ocrx_word' id='word_1_149' title='bbox 326 1768 530 1829; x_wconf 81' lang='grc' dir='ltr'>ἐκεῖνος</span> <span class='ocrx_word' id='word_1_150' title='bbox 569 1765 966 1848; x_wconf 74' lang='grc' dir='ltr'>ἀπαγαγέσθαι</span> <span class='ocrx_word' id='word_1_151' title='bbox 1007 1765 1194 1845; x_wconf 80' lang='grc' dir='ltr'>ἐθέλῃ·</span> <span class='ocrx_word' id='word_1_152' title='bbox 1250 1763 1418 1827; x_wconf 81' lang='grc' dir='ltr'>αὖτόν</span> <span class='ocrx_word' id='word_1_153' title='bbox 1458 1764 1517 1825; x_wconf 78' lang='grc' dir='ltr'>δὲ</span> <span class='ocrx_word' id='word_1_154' title='bbox 1556 1767 1627 1825; x_wconf 80' lang='grc' dir='ltr'>σὲ</span> <span class='ocrx_word' id='word_1_155' title='bbox 1667 1765 1760 1824; x_wconf 79' lang='grc' dir='ltr'>καὶ</span> <span class='ocrx_word' id='word_1_156' title='bbox 1798 1764 1928 1829; x_wconf 78' lang='grc' dir='ltr'>τοῦς</span> 
     </span>
     <span class='ocr_line' id='line_1_21' title="bbox 327 1852 1928 1933; baseline -0.001 -20"><span class='ocrx_word' id='word_1_157' title='bbox 327 1852 466 1916; x_wconf 75' lang='grc' dir='ltr'>σούς</span> <span class='ocrx_word' id='word_1_158' title='bbox 490 1853 822 1931; x_wconf 87' lang='grc' dir='ltr'>συμπλόους</span> <span class='ocrx_word' id='word_1_159' title='bbox 856 1857 1023 1932; x_wconf 76' lang='grc' dir='ltr'>τριῶν</span> <span class='ocrx_word' id='word_1_160' title='bbox 1055 1853 1305 1931; x_wconf 80' lang='grc' dir='ltr'>ἡμερέων</span> <span class='ocrx_word' id='word_1_161' title='bbox 1335 1852 1695 1933; x_wconf 79' lang='grc' dir='ltr'>προαγορεύω</span> <span class='ocrx_word' id='word_1_162' title='bbox 1736 1857 1795 1912; x_wconf 92' lang='grc' dir='ltr'>ἐκ</span> <span class='ocrx_word' id='word_1_163' title='bbox 1825 1857 1928 1930; x_wconf 84' lang='grc' dir='ltr'>τῆς</span> 
     </span>
     <span class='ocr_line' id='line_1_22' title="bbox 329 1940 1926 2023; baseline -0.001 -23"><span class='ocrx_word' id='word_1_164' title='bbox 329 1944 466 2017; x_wconf 83' lang='grc' dir='ltr'>ἐμῆς</span> <span class='ocrx_word' id='word_1_165' title='bbox 503 1945 610 2023; x_wconf 79' lang='grc' dir='ltr'>γῆς</span> <span class='ocrx_word' id='word_1_166' title='bbox 650 1946 705 2005; x_wconf 92' lang='grc' dir='ltr'>ἐς</span> <span class='ocrx_word' id='word_1_167' title='bbox 745 1941 931 2017; x_wconf 79' lang='grc' dir='ltr'>ἀλλην</span> <span class='ocrx_word' id='word_1_168' title='bbox 970 1940 1096 2001; x_wconf 67' lang='lat' dir='ltr'>md</span> <span class='ocrx_word' id='word_1_169' title='bbox 1135 1940 1587 2019; x_wconf 81' lang='grc' dir='ltr'>μετορμίζεσθαι·</span> <span class='ocrx_word' id='word_1_170' title='bbox 1637 1944 1688 2001; x_wconf 81' lang='grc' dir='ltr'>εἰ</span> <span class='ocrx_word' id='word_1_171' title='bbox 1726 1940 1786 1999; x_wconf 74' lang='grc' dir='ltr'>δὲ</span> <span class='ocrx_word' id='word_1_172' title='bbox 1824 1940 1926 2018; x_wconf 76' lang='grc' dir='ltr'>μή,</span> 
     </span>
     <span class='ocr_line' id='line_1_23' title="bbox 329 2027 1199 2107; baseline -0.001 -19"><span class='ocrx_word' id='word_1_173' title='bbox 329 2027 426 2089; x_wconf 77' lang='grc' dir='ltr'>ἅτε</span> <span class='ocrx_word' id='word_1_174' title='bbox 451 2029 754 2107; x_wconf 87' lang='grc' dir='ltr'>πολεμίους</span> <span class='ocrx_word' id='word_1_175' title='bbox 777 2027 1199 2107; x_wconf 86' lang='grc' dir='ltr'>περιέψεσθαι.”</span> 
     </span>
    </p>

    <p class='ocr_par' dir='ltr' id='par_1_2' title="bbox 330 2113 2021 2896">
     <span class='ocr_line' id='line_1_24' title="bbox 407 2113 2021 2195; baseline -0.001 -20"><span class='ocrx_word' id='word_1_176' title='bbox 407 2116 640 2193; x_wconf 82' lang='grc' dir='ltr'>Ἑλένης</span> <span class='ocrx_word' id='word_1_177' title='bbox 666 2119 770 2194; x_wconf 76' lang='grc' dir='ltr'>μὲν</span> <span class='ocrx_word' id='word_1_178' title='bbox 795 2116 1002 2192; x_wconf 84' lang='grc' dir='ltr'>ταύτην</span> <span class='ocrx_word' id='word_1_179' title='bbox 1027 2114 1217 2185; x_wconf 74' lang='grc' dir='ltr'>ἄπιξιν</span> <span class='ocrx_word' id='word_1_180' title='bbox 1242 2113 1399 2194; x_wconf 72' lang='grc' dir='ltr'>παρὰ</span> <span class='ocrx_word' id='word_1_181' title='bbox 1427 2113 1665 2191; x_wconf 87' lang='grc' dir='ltr'>Πρωτέα</span> <span class='ocrx_word' id='word_1_182' title='bbox 1692 2114 1886 2195; x_wconf 82' lang='grc' dir='ltr'>ἔλεγον</span> <span class='ocrx_word' id='word_1_183' title='bbox 1907 2116 2021 2174; x_wconf 88' lang='grc'>116</span> 
     </span>
     <span class='ocr_line' id='line_1_25' title="bbox 330 2200 1931 2286; baseline -0.003 -21"><span class='ocrx_word' id='word_1_184' title='bbox 330 2207 384 2265; x_wconf 81' lang='grc' dir='ltr'>οἱ</span> <span class='ocrx_word' id='word_1_185' title='bbox 426 2206 565 2282; x_wconf 76' lang='grc' dir='ltr'>ἱρέες</span> <span class='ocrx_word' id='word_1_186' title='bbox 605 2205 888 2286; x_wconf 84' lang='grc' dir='ltr'>γενέσθαι·</span> <span class='ocrx_word' id='word_1_187' title='bbox 943 2204 1120 2263; x_wconf 85' lang='grc' dir='ltr'>δοκέει</span> <span class='ocrx_word' id='word_1_188' title='bbox 1164 2203 1227 2262; x_wconf 89' lang='grc' dir='ltr'>δέ</span> <span class='ocrx_word' id='word_1_189' title='bbox 1268 2227 1368 2281; x_wconf 89' lang='grc' dir='ltr'>μοι</span> <span class='ocrx_word' id='word_1_190' title='bbox 1410 2202 1504 2261; x_wconf 84' lang='grc' dir='ltr'>καὶ</span> <span class='ocrx_word' id='word_1_191' title='bbox 1534 2200 1791 2278; x_wconf 88' lang='grc' dir='ltr'>Ὅμηρος</span> <span class='ocrx_word' id='word_1_192' title='bbox 1830 2201 1931 2261; x_wconf 83' lang='grc' dir='ltr'>τὸν</span> 
     </span>
     <span class='ocr_line' id='line_1_26' title="bbox 387 2287 1890 2313; baseline 0.001 -4"><span class='ocrx_word' id='word_1_193' title='bbox 387 2291 403 2313; x_wconf 80' lang='grc' dir='ltr'><em>Ι</em></span> <span class='ocrx_word' id='word_1_194' title='bbox 605 2296 629 2310; x_wconf 70' lang='grc' dir='ltr'><strong>Α</strong></span> <span class='ocrx_word' id='word_1_195' title='bbox 1122 2287 1634 2312; x_wconf 45' lang='grc' dir='ltr'>θθθθθ</span> <span class='ocrx_word' id='word_1_196' title='bbox 1876 2289 1890 2310; x_wconf 52' lang='grc' dir='ltr'><strong>Ν</strong></span> 
     </span>
     <span class='ocr_line' id='line_1_27' title="bbox 331 2375 1925 2462; baseline 0 -23"><span class='ocrx_word' id='word_1_197' title='bbox 331 2380 621 2456; x_wconf 68' lang='grc' dir='ltr'>ἐποποιίην</span> <span class='ocrx_word' id='word_1_198' title='bbox 647 2379 923 2459; x_wconf 70' lang='grc' dir='ltr'>εὐπρεπὴς</span> <span class='ocrx_word' id='word_1_199' title='bbox 946 2379 1018 2456; x_wconf 84' lang='grc' dir='ltr'>ἦν</span> <span class='ocrx_word' id='word_1_200' title='bbox 1041 2406 1120 2458; x_wconf 78' lang='grc' dir='ltr'>τῳ</span> <span class='ocrx_word' id='word_1_201' title='bbox 1146 2404 1309 2458; x_wconf 76' lang='grc' dir='ltr'>ετερῳ</span> <span class='ocrx_word' id='word_1_202' title='bbox 1333 2382 1515 2462; x_wconf 72' lang='grc' dir='ltr'>τῷπερ</span> <span class='ocrx_word' id='word_1_203' title='bbox 1544 2375 1845 2458; x_wconf 88' lang='grc' dir='ltr'>ἐχρήσατο,</span> <span class='ocrx_word' id='word_1_204' title='bbox 1869 2382 1925 2443; x_wconf 88' lang='grc' dir='ltr'>ἐς</span> 
     </span>
     <span class='ocr_line' id='line_1_28' title="bbox 332 2465 1930 2545; baseline 0.001 -19"><span class='ocrx_word' id='word_1_205' title='bbox 332 2467 366 2527; x_wconf 81' lang='grc' dir='ltr'>ὃ</span> <span class='ocrx_word' id='word_1_206' title='bbox 380 2472 587 2545; x_wconf 84' lang='grc' dir='ltr'>μετῆκε</span> <span class='ocrx_word' id='word_1_207' title='bbox 603 2467 771 2529; x_wconf 80' lang='grc' dir='ltr'>αὖτόν</span> <span class='ocrx_word' id='word_1_208' title='bbox 790 2466 1051 2544; x_wconf 79' lang='grc' dir='ltr'>δηλώσας</span> <span class='ocrx_word' id='word_1_209' title='bbox 1072 2466 1142 2531; x_wconf 76' lang='grc' dir='ltr'>ὥς</span> <span class='ocrx_word' id='word_1_210' title='bbox 1172 2468 1263 2527; x_wconf 87' lang='grc' dir='ltr'>καὶ</span> <span class='ocrx_word' id='word_1_211' title='bbox 1286 2469 1485 2527; x_wconf 77' lang='grc' dir='ltr'>τοῦτον</span> <span class='ocrx_word' id='word_1_212' title='bbox 1512 2467 1804 2528; x_wconf 86' lang='grc' dir='ltr'>ἐπίσταιτο</span> <span class='ocrx_word' id='word_1_213' title='bbox 1829 2465 1930 2529; x_wconf 66' lang='grc' dir='ltr'>τᾶν</span> 
     </span>
     <span class='ocr_line' id='line_1_29' title="bbox 331 2553 1931 2637; baseline 0.001 -24"><span class='ocrx_word' id='word_1_214' title='bbox 331 2554 527 2636; x_wconf 87' lang='grc' dir='ltr'>λόγον.</span> <span class='ocrx_word' id='word_1_215' title='bbox 580 2556 754 2631; x_wconf 86' lang='grc' dir='ltr'>δῆλον</span> <span class='ocrx_word' id='word_1_216' title='bbox 789 2556 866 2615; x_wconf 90' lang='grc' dir='ltr'>δέ·</span> <span class='ocrx_word' id='word_1_217' title='bbox 909 2554 1052 2615; x_wconf 73' lang='grc' dir='ltr'>κατὰ</span> <span class='ocrx_word' id='word_1_218' title='bbox 1085 2554 1197 2637; x_wconf 79' lang='grc' dir='ltr'>γάρ</span> <span class='ocrx_word' id='word_1_219' title='bbox 1225 2554 1458 2631; x_wconf 84' lang='grc' dir='ltr'>ἐποίησε</span> <span class='ocrx_word' id='word_1_220' title='bbox 1494 2560 1553 2616; x_wconf 91' lang='grc' dir='ltr'>ἐν</span> <span class='ocrx_word' id='word_1_221' title='bbox 1581 2553 1783 2615; x_wconf 82' lang='grc' dir='ltr'>Ἰλιάδι</span> <span class='ocrx_word' id='word_1_222' title='bbox 1815 2556 1931 2635; x_wconf 82' lang='grc' dir='ltr'>(καὶ</span> 
     </span>
     <span class='ocr_line' id='line_1_30' title="bbox 331 2640 1932 2723; baseline 0 -23"><span class='ocrx_word' id='word_1_223' title='bbox 331 2640 548 2721; x_wconf 77' lang='grc' dir='ltr'>οὐδαμῆ</span> <span class='ocrx_word' id='word_1_224' title='bbox 583 2642 736 2722; x_wconf 73' lang='grc' dir='ltr'>ἄλλῃ</span> <span class='ocrx_word' id='word_1_225' title='bbox 769 2642 1066 2703; x_wconf 84' lang='grc' dir='ltr'>ἀνεπόδισε</span> <span class='ocrx_word' id='word_1_226' title='bbox 1109 2640 1334 2723; x_wconf 79' lang='grc' dir='ltr'>ἐωυτὸν)</span> <span class='ocrx_word' id='word_1_227' title='bbox 1368 2642 1589 2720; x_wconf 88' lang='grc' dir='ltr'>πλάνην</span> <span class='ocrx_word' id='word_1_228' title='bbox 1612 2643 1716 2717; x_wconf 79' lang='grc' dir='ltr'>τὴν</span> <span class='ocrx_word' id='word_1_229' title='bbox 1739 2642 1932 2711; x_wconf 84' lang='grc' dir='ltr'>Ἀλεξ-</span> 
     </span>
     <span class='ocr_line' id='line_1_31' title="bbox 333 2728 1933 2813; baseline -0.002 -23"><span class='ocrx_word' id='word_1_230' title='bbox 333 2728 550 2808; x_wconf 86' lang='grc' dir='ltr'>άνδρου,</span> <span class='ocrx_word' id='word_1_231' title='bbox 585 2731 656 2795; x_wconf 79' lang='grc' dir='ltr'>ὥς</span> <span class='ocrx_word' id='word_1_232' title='bbox 691 2732 1002 2811; x_wconf 86' lang='grc' dir='ltr'>ἀπηνείχθη</span> <span class='ocrx_word' id='word_1_233' title='bbox 1037 2729 1189 2813; x_wconf 74' lang='grc' dir='ltr'>ἄγων</span> <span class='ocrx_word' id='word_1_234' title='bbox 1218 2730 1454 2807; x_wconf 87' lang='grc' dir='ltr'>Ἑλένην</span> <span class='ocrx_word' id='word_1_235' title='bbox 1486 2735 1558 2809; x_wconf 84' lang='grc' dir='ltr'>τῇ</span> <span class='ocrx_word' id='word_1_236' title='bbox 1588 2755 1652 2790; x_wconf 89' lang='grc' dir='ltr'>τε</span> <span class='ocrx_word' id='word_1_237' title='bbox 1684 2729 1753 2804; x_wconf 79' lang='grc' dir='ltr'>δὴ</span> <span class='ocrx_word' id='word_1_238' title='bbox 1780 2728 1933 2808; x_wconf 80' lang='grc' dir='ltr'>ἄλλῃ</span> 
     </span>
     <span class='ocr_line' id='line_1_32' title="bbox 332 2814 1907 2896; baseline -0.001 -18"><span class='ocrx_word' id='word_1_239' title='bbox 332 2818 683 2896; x_wconf 84' lang='grc' dir='ltr'>πλαζόμενος</span> <span class='ocrx_word' id='word_1_240' title='bbox 709 2820 802 2879; x_wconf 85' lang='grc' dir='ltr'>καὶ</span> <span class='ocrx_word' id='word_1_241' title='bbox 829 2818 900 2883; x_wconf 77' lang='grc' dir='ltr'>ὥς</span> <span class='ocrx_word' id='word_1_242' title='bbox 927 2825 982 2883; x_wconf 83' lang='grc' dir='ltr'>ἐς</span> <span class='ocrx_word' id='word_1_243' title='bbox 1008 2820 1224 2884; x_wconf 79' lang='grc' dir='ltr'>Σιδῶνα</span> <span class='ocrx_word' id='word_1_244' title='bbox 1248 2822 1349 2894; x_wconf 84' lang='grc' dir='ltr'>τῆς</span> <span class='ocrx_word' id='word_1_245' title='bbox 1375 2818 1632 2892; x_wconf 82' lang='grc' dir='ltr'>Φοινίκης</span> <span class='ocrx_word' id='word_1_246' title='bbox 1657 2814 1907 2877; x_wconf 82' lang='grc' dir='ltr'>ἀπίκετο.</span> 
     </span>
    </p>

    <p class='ocr_par' dir='ltr' id='par_1_3' title="bbox 332 2902 1931 3215">
     <span class='ocr_line' id='line_1_33' title="bbox 411 2902 1931 2985; baseline -0.003 -20"><span class='ocrx_word' id='word_1_247' title='bbox 411 2905 820 2985; x_wconf 85' lang='grc' dir='ltr'>Ἑπιμέμνηται</span> <span class='ocrx_word' id='word_1_248' title='bbox 873 2908 932 2966; x_wconf 80' lang='grc' dir='ltr'>δὲ</span> <span class='ocrx_word' id='word_1_249' title='bbox 977 2906 1149 2967; x_wconf 75' lang='grc' dir='ltr'>αὐτοῦ</span> <span class='ocrx_word' id='word_1_250' title='bbox 1196 2911 1256 2967; x_wconf 89' lang='grc' dir='ltr'>ἐν</span> <span class='ocrx_word' id='word_1_251' title='bbox 1302 2903 1614 2982; x_wconf 88' lang='grc' dir='ltr'>Διομήδεος</span> <span class='ocrx_word' id='word_1_252' title='bbox 1659 2902 1931 2983; x_wconf 76' lang='grc' dir='ltr'>ἀριστείῃ·</span> 
     </span>
     <span class='ocr_line' id='line_1_34' title="bbox 332 2993 1022 3075; baseline 0.001 -21"><span class='ocrx_word' id='word_1_253' title='bbox 332 2993 490 3075; x_wconf 90' lang='grc' dir='ltr'>λέγει</span> <span class='ocrx_word' id='word_1_254' title='bbox 516 2994 576 3055; x_wconf 81' lang='grc' dir='ltr'>δὲ</span> <span class='ocrx_word' id='word_1_255' title='bbox 601 2994 672 3055; x_wconf 82' lang='grc' dir='ltr'>τά</span> <span class='ocrx_word' id='word_1_256' title='bbox 701 2996 833 3054; x_wconf 84' lang='grc' dir='ltr'>ἔπεα</span> <span class='ocrx_word' id='word_1_257' title='bbox 861 2994 1022 3055; x_wconf 78' lang='grc' dir='ltr'>οὕτω·</span> 
     </span>
     <span class='ocr_line' id='line_1_35' title="bbox 489 3080 1855 3143; baseline -0.004 -11"><span class='ocrx_word' id='word_1_258' title='bbox 489 3084 621 3133; x_wconf 83' lang='grc' dir='ltr'>Ἔνθ’</span> <span class='ocrx_word' id='word_1_259' title='bbox 656 3086 774 3133; x_wconf 81' lang='grc' dir='ltr'>ἔσαν</span> <span class='ocrx_word' id='word_1_260' title='bbox 808 3086 852 3132; x_wconf 77' lang='grc' dir='ltr'>οἶ</span> <span class='ocrx_word' id='word_1_261' title='bbox 886 3085 1065 3132; x_wconf 83' lang='grc' dir='ltr'>πέπλοι</span> <span class='ocrx_word' id='word_1_262' title='bbox 1099 3081 1430 3141; x_wconf 80' lang='grc' dir='ltr'>παμποίκιλοι,</span> <span class='ocrx_word' id='word_1_263' title='bbox 1468 3082 1589 3142; x_wconf 83' lang='grc' dir='ltr'>ἔργα</span> <span class='ocrx_word' id='word_1_264' title='bbox 1620 3080 1855 3143; x_wconf 76' lang='grc' dir='ltr'>γυναικῶν</span> 
     </span>
     <span class='ocr_line' id='line_1_36' title="bbox 496 3154 1609 3215; baseline -0.004 -11"><span class='ocrx_word' id='word_1_265' title='bbox 496 3158 736 3215; x_wconf 79' lang='grc' dir='ltr'>Σιδονίων,</span> <span class='ocrx_word' id='word_1_266' title='bbox 775 3157 862 3204; x_wconf 82' lang='grc' dir='ltr'>τὰς</span> <span class='ocrx_word' id='word_1_267' title='bbox 886 3157 1026 3204; x_wconf 82' lang='grc' dir='ltr'>αὐτὸς</span> <span class='ocrx_word' id='word_1_268' title='bbox 1053 3154 1371 3213; x_wconf 81' lang='grc' dir='ltr'>Ἀλέξανδρος</span> <span class='ocrx_word' id='word_1_269' title='bbox 1404 3154 1609 3209; x_wconf 82' lang='grc' dir='ltr'>θεοειδὴς</span> 
     </span>
    </p>
   </div>
   <div class='ocr_carea' id='block_1_2' title="bbox 497 3222 1806 3357">
    <p class='ocr_par' dir='ltr' id='par_1_4' title="bbox 497 3222 1806 3357">
     <span class='ocr_line' id='line_1_37' title="bbox 497 3222 1633 3289; baseline -0.004 -15"><span class='ocrx_word' id='word_1_270' title='bbox 497 3226 662 3289; x_wconf 80' lang='grc' dir='ltr'>ἤγαγε</span> <span class='ocrx_word' id='word_1_271' title='bbox 698 3227 983 3285; x_wconf 80' lang='grc' dir='ltr'>Σιδονίηθεν,</span> <span class='ocrx_word' id='word_1_272' title='bbox 1023 3226 1240 3273; x_wconf 80' lang='grc' dir='ltr'>ἐπιπλὼς</span> <span class='ocrx_word' id='word_1_273' title='bbox 1275 3223 1413 3283; x_wconf 77' lang='grc' dir='ltr'>εὐρέα</span> <span class='ocrx_word' id='word_1_274' title='bbox 1446 3222 1633 3282; x_wconf 86' lang='grc' dir='ltr'>πόντον,</span> 
     </span>
     <span class='ocr_line' id='line_1_38' title="bbox 497 3294 1806 3357; baseline -0.004 -10"><span class='ocrx_word' id='word_1_275' title='bbox 497 3299 588 3355; x_wconf 83' lang='grc' dir='ltr'>τὴν</span> <span class='ocrx_word' id='word_1_276' title='bbox 621 3298 725 3346; x_wconf 82' lang='grc' dir='ltr'>ὁδὸν</span> <span class='ocrx_word' id='word_1_277' title='bbox 758 3294 818 3356; x_wconf 83' lang='grc' dir='ltr'>ἣν</span> <span class='ocrx_word' id='word_1_278' title='bbox 843 3298 1045 3355; x_wconf 78' lang='grc' dir='ltr'>Ἑλένην</span> <span class='ocrx_word' id='word_1_279' title='bbox 1079 3312 1173 3357; x_wconf 88' lang='grc' dir='ltr'>περ</span> <span class='ocrx_word' id='word_1_280' title='bbox 1205 3295 1451 3354; x_wconf 76' lang='grc' dir='ltr'>ἀνήγαγεν</span> <span class='ocrx_word' id='word_1_281' title='bbox 1483 3294 1806 3355; x_wconf 81' lang='grc' dir='ltr'>εὐπατέρειαν.</span> 
     </span>
    </p>
   </div>
  </div>
 </body>
</html>
