<?xml version="1.0" encoding="UTF-8"?>
<!DOCTYPE html PUBLIC "-//W3C//DTD XHTML 1.0 Transitional//EN"
    "http://www.w3.org/TR/xhtml1/DTD/xhtml1-transitional.dtd">
<html xmlns="http://www.w3.org/1999/xhtml" xml:lang="en" lang="en">
 <head>
  <title>
</title>
<meta http-equiv="Content-Type" content="text/html;charset=utf-8" />
  <meta name='ocr-system' content='tesseract 3.04.00' />
  <meta name='ocr-capabilities' content='ocr_page ocr_carea ocr_par ocr_line ocrx_word'/>
</head>
<body>
  <div class='ocr_page' id='page_1' title='image "./herodotus04blakgoog_0284.png"; bbox 0 0 2250 3500; ppageno 0'>
   <div class='ocr_carea' id='block_1_1' title="bbox 356 116 2026 195">
    <p class='ocr_par' dir='ltr' id='par_1_1' title="bbox 356 116 2026 195">
     <span class='ocr_line' id='line_1_1' title="bbox 356 116 2026 195; baseline -0.002 -12"><span class='ocrx_word' id='word_1_1' title='bbox 356 134 457 183; x_wconf 78' lang='lat'>262</span> <span class='ocrx_word' id='word_1_2' title='bbox 968 132 1340 182; x_wconf 69' lang='grc' dir='ltr'>ἨΡοΔοτοτ</span> <span class='ocrx_word' id='word_1_3' title='bbox 1825 128 1958 195; x_wconf 85' lang='lat'>[111.</span> <span class='ocrx_word' id='word_1_4' title='bbox 2021 116 2026 120; x_wconf 80' lang='grc'><strong>’</strong></span> 
     </span>
    </p>
   </div>
   <div class='ocr_carea' id='block_1_2' title="bbox 258 205 1966 3178">
    <p class='ocr_par' dir='ltr' id='par_1_2' title="bbox 258 205 1966 3002">
     <span class='ocr_line' id='line_1_2' title="bbox 359 205 1965 287; baseline -0.001 -17"><span class='ocrx_word' id='word_1_5' title='bbox 359 210 589 287; x_wconf 83' lang='grc' dir='ltr'>λόμενα,</span> <span class='ocrx_word' id='word_1_6' title='bbox 633 208 831 270; x_wconf 83' lang='grc' dir='ltr'>κτείνει</span> <span class='ocrx_word' id='word_1_7' title='bbox 872 210 971 286; x_wconf 80' lang='grc' dir='ltr'>μιν</span> <span class='ocrx_word' id='word_1_8' title='bbox 1010 208 1195 269; x_wconf 84' lang='grc' dir='ltr'>ὀπίσω</span> <span class='ocrx_word' id='word_1_9' title='bbox 1238 205 1621 285; x_wconf 78' lang='grc' dir='ltr'>κομιζόμενον,</span> <span class='ocrx_word' id='word_1_10' title='bbox 1665 206 1871 284; x_wconf 75' lang='grc' dir='ltr'>ἄνδρας</span> <span class='ocrx_word' id='word_1_11' title='bbox 1908 212 1965 268; x_wconf 76' lang='grc' dir='ltr'>οἳ</span> 
     </span>
     <span class='ocr_line' id='line_1_3' title="bbox 359 293 1966 375; baseline -0.001 -19"><span class='ocrx_word' id='word_1_12' title='bbox 359 297 595 362; x_wconf 79' lang='grc' dir='ltr'>ὖπείσας</span> <span class='ocrx_word' id='word_1_13' title='bbox 627 296 745 356; x_wconf 82' lang='grc' dir='ltr'>κατ’</span> <span class='ocrx_word' id='word_1_14' title='bbox 770 296 915 368; x_wconf 81' lang='grc' dir='ltr'>ὁδόν,</span> <span class='ocrx_word' id='word_1_15' title='bbox 949 296 1277 359; x_wconf 72' lang='grc' dir='ltr'>ἀποκτείνας</span> <span class='ocrx_word' id='word_1_16' title='bbox 1309 296 1372 355; x_wconf 87' lang='grc' dir='ltr'>δέ</span> <span class='ocrx_word' id='word_1_17' title='bbox 1401 321 1502 372; x_wconf 90' lang='grc' dir='ltr'>μιν</span> <span class='ocrx_word' id='word_1_18' title='bbox 1529 293 1782 371; x_wconf 71' lang='grc' dir='ltr'>ἠφάνισε</span> <span class='ocrx_word' id='word_1_19' title='bbox 1817 293 1966 375; x_wconf 67' lang='grc' dir='ltr'>αὐτῷ</span> 
     </span>
     <span class='ocr_line' id='line_1_4' title="bbox 270 382 1966 462; baseline -0.001 -18"><span class='ocrx_word' id='word_1_20' title='bbox 270 385 431 446; x_wconf 74' lang='grc'>127”</span> <span class='ocrx_word' id='word_1_21' title='bbox 404 409 573 443; x_wconf 90' lang='grc' dir='ltr'>ιππω.</span> <span class='ocrx_word' id='word_1_22' title='bbox 656 388 895 461; x_wconf 80' lang='grc' dir='ltr'>Δαρεῖος</span> <span class='ocrx_word' id='word_1_23' title='bbox 933 384 993 443; x_wconf 78' lang='grc' dir='ltr'>δὲ</span> <span class='ocrx_word' id='word_1_24' title='bbox 1032 410 1106 447; x_wconf 86' lang='grc' dir='ltr'>ως</span> <span class='ocrx_word' id='word_1_25' title='bbox 1146 408 1282 462; x_wconf 86' lang='grc' dir='ltr'>εσχε</span> <span class='ocrx_word' id='word_1_26' title='bbox 1320 383 1426 458; x_wconf 79' lang='grc' dir='ltr'>τήν</span> <span class='ocrx_word' id='word_1_27' title='bbox 1464 382 1663 461; x_wconf 72' lang='grc' dir='ltr'>ἀρχὴν,</span> <span class='ocrx_word' id='word_1_28' title='bbox 1696 382 1966 458; x_wconf 77' lang='grc' dir='ltr'>ἐπεθύμεε</span> 
     </span>
     <span class='ocr_line' id='line_1_5' title="bbox 356 468 1963 550; baseline -0.002 -17"><span class='ocrx_word' id='word_1_29' title='bbox 356 498 457 533; x_wconf 87' lang='grc' dir='ltr'>τον</span> <span class='ocrx_word' id='word_1_30' title='bbox 490 471 752 550; x_wconf 80' lang='grc' dir='ltr'>Ὀροίτεα</span> <span class='ocrx_word' id='word_1_31' title='bbox 784 472 1076 540; x_wconf 75' lang='grc' dir='ltr'>τίσασθαι,</span> <span class='ocrx_word' id='word_1_32' title='bbox 1112 496 1335 531; x_wconf 86' lang='grc' dir='ltr'>παντων</span> <span class='ocrx_word' id='word_1_33' title='bbox 1367 494 1430 530; x_wconf 90' lang='grc' dir='ltr'>τε</span> <span class='ocrx_word' id='word_1_34' title='bbox 1465 474 1578 529; x_wconf 79' lang='grc' dir='ltr'>τῶν</span> <span class='ocrx_word' id='word_1_35' title='bbox 1610 468 1963 545; x_wconf 75' lang='grc' dir='ltr'>ἀδικημάτων</span> 
     </span>
     <span class='ocr_line' id='line_1_6' title="bbox 360 556 1962 636; baseline -0.001 -16"><span class='ocrx_word' id='word_1_36' title='bbox 360 560 563 620; x_wconf 78' lang='grc' dir='ltr'>εἵνεκεν</span> <span class='ocrx_word' id='word_1_37' title='bbox 588 560 680 619; x_wconf 84' lang='grc' dir='ltr'>καὶ</span> <span class='ocrx_word' id='word_1_38' title='bbox 704 558 961 636; x_wconf 86' lang='grc' dir='ltr'>μαλιστα</span> <span class='ocrx_word' id='word_1_39' title='bbox 988 558 1370 635; x_wconf 80' lang='grc' dir='ltr'>Μιτραβάτεω</span> <span class='ocrx_word' id='word_1_40' title='bbox 1398 558 1490 616; x_wconf 81' lang='grc' dir='ltr'>καὶ</span> <span class='ocrx_word' id='word_1_41' title='bbox 1513 560 1618 617; x_wconf 74' lang='grc' dir='ltr'>τοῦ</span> <span class='ocrx_word' id='word_1_42' title='bbox 1641 556 1858 621; x_wconf 82' lang='grc' dir='ltr'>παιδός·</span> <span class='ocrx_word' id='word_1_43' title='bbox 1900 563 1962 618; x_wconf 85' lang='grc' dir='ltr'>ἐκ</span> 
     </span>
     <span class='ocr_line' id='line_1_7' title="bbox 355 642 1963 725; baseline -0.002 -17"><span class='ocrx_word' id='word_1_44' title='bbox 355 650 462 725; x_wconf 75' lang='grc' dir='ltr'>μὲν</span> <span class='ocrx_word' id='word_1_45' title='bbox 506 647 577 725; x_wconf 77' lang='grc' dir='ltr'>δή</span> <span class='ocrx_word' id='word_1_46' title='bbox 622 651 725 723; x_wconf 77' lang='grc' dir='ltr'>τῆς</span> <span class='ocrx_word' id='word_1_47' title='bbox 771 648 941 720; x_wconf 77' lang='grc' dir='ltr'>ἰθείης</span> <span class='ocrx_word' id='word_1_48' title='bbox 985 645 1232 722; x_wconf 79' lang='grc' dir='ltr'>στρατόν</span> <span class='ocrx_word' id='word_1_49' title='bbox 1278 644 1364 705; x_wconf 84' lang='grc' dir='ltr'>ἐπ’</span> <span class='ocrx_word' id='word_1_50' title='bbox 1409 642 1580 705; x_wconf 75' lang='grc' dir='ltr'>αὐτὸν</span> <span class='ocrx_word' id='word_1_51' title='bbox 1627 643 1730 704; x_wconf 75' lang='grc' dir='ltr'>οὔκ</span> <span class='ocrx_word' id='word_1_52' title='bbox 1777 644 1963 706; x_wconf 88' lang='grc' dir='ltr'>ἐδόκεε</span> 
     </span>
     <span class='ocr_line' id='line_1_8' title="bbox 355 731 1962 813; baseline -0.002 -17"><span class='ocrx_word' id='word_1_53' title='bbox 355 736 612 813; x_wconf 78' lang='grc' dir='ltr'>πέμπειν,</span> <span class='ocrx_word' id='word_1_54' title='bbox 664 734 764 794; x_wconf 77' lang='grc' dir='ltr'>ἅτε</span> <span class='ocrx_word' id='word_1_55' title='bbox 818 731 1104 795; x_wconf 81' lang='grc' dir='ltr'>οἰδεόντων</span> <span class='ocrx_word' id='word_1_56' title='bbox 1155 733 1237 793; x_wconf 82' lang='grc' dir='ltr'>ἔτι</span> <span class='ocrx_word' id='word_1_57' title='bbox 1293 736 1406 792; x_wconf 73' lang='grc' dir='ltr'>τῶν</span> <span class='ocrx_word' id='word_1_58' title='bbox 1456 731 1814 813; x_wconf 76' lang='grc' dir='ltr'>πρηγμάτων,</span> <span class='ocrx_word' id='word_1_59' title='bbox 1867 735 1962 793; x_wconf 82' lang='grc' dir='ltr'>καὶ</span> 
     </span>
     <span class='ocr_line' id='line_1_9' title="bbox 357 819 1962 901; baseline -0.003 -17"><span class='ocrx_word' id='word_1_60' title='bbox 357 824 558 884; x_wconf 85' lang='grc' dir='ltr'>νεωστὶ</span> <span class='ocrx_word' id='word_1_61' title='bbox 594 823 733 901; x_wconf 83' lang='grc' dir='ltr'>ἔχων</span> <span class='ocrx_word' id='word_1_62' title='bbox 761 822 868 896; x_wconf 69' lang='grc' dir='ltr'>τὴν</span> <span class='ocrx_word' id='word_1_63' title='bbox 906 821 1104 901; x_wconf 73' lang='grc' dir='ltr'>ἀρχήν,</span> <span class='ocrx_word' id='word_1_64' title='bbox 1139 821 1232 880; x_wconf 90' lang='grc' dir='ltr'>καὶ</span> <span class='ocrx_word' id='word_1_65' title='bbox 1269 820 1371 881; x_wconf 74' lang='grc' dir='ltr'>τᾶν</span> <span class='ocrx_word' id='word_1_66' title='bbox 1407 819 1670 897; x_wconf 80' lang='grc' dir='ltr'>Ὀροίτεα</span> <span class='ocrx_word' id='word_1_67' title='bbox 1702 820 1962 901; x_wconf 79' lang='grc' dir='ltr'>μεγάλην</span> 
     </span>
     <span class='ocr_line' id='line_1_10' title="bbox 356 907 1957 989; baseline -0.002 -18"><span class='ocrx_word' id='word_1_68' title='bbox 356 910 465 986; x_wconf 73' lang='grc' dir='ltr'>τήν</span> <span class='ocrx_word' id='word_1_69' title='bbox 498 908 665 989; x_wconf 73' lang='grc' dir='ltr'>ἶσχῧν</span> <span class='ocrx_word' id='word_1_70' title='bbox 688 908 1103 985; x_wconf 83' lang='grc' dir='ltr'>πυνθανόμενος</span> <span class='ocrx_word' id='word_1_71' title='bbox 1137 909 1301 987; x_wconf 85' lang='grc' dir='ltr'>ἔχειν·</span> <span class='ocrx_word' id='word_1_72' title='bbox 1340 907 1441 969; x_wconf 76' lang='grc' dir='ltr'>τᾶν</span> <span class='ocrx_word' id='word_1_73' title='bbox 1470 908 1649 986; x_wconf 79' lang='grc' dir='ltr'>χίλιοι</span> <span class='ocrx_word' id='word_1_74' title='bbox 1683 910 1788 984; x_wconf 79' lang='grc' dir='ltr'>μὲν</span> <span class='ocrx_word' id='word_1_75' title='bbox 1813 914 1957 987; x_wconf 90' lang='grc' dir='ltr'>Περ-</span> 
     </span>
     <span class='ocr_line' id='line_1_11' title="bbox 351 994 1958 1076; baseline 0 -19"><span class='ocrx_word' id='word_1_76' title='bbox 351 998 497 1057; x_wconf 83' lang='grc' dir='ltr'>σέων</span> <span class='ocrx_word' id='word_1_77' title='bbox 523 995 911 1074; x_wconf 80' lang='grc' dir='ltr'>ἐδορυφόρεον,</span> <span class='ocrx_word' id='word_1_78' title='bbox 939 995 1057 1074; x_wconf 81' lang='grc' dir='ltr'>εἶχε</span> <span class='ocrx_word' id='word_1_79' title='bbox 1087 996 1149 1055; x_wconf 80' lang='grc' dir='ltr'>δὲ</span> <span class='ocrx_word' id='word_1_80' title='bbox 1179 995 1353 1074; x_wconf 79' lang='grc' dir='ltr'>νομόν</span> <span class='ocrx_word' id='word_1_81' title='bbox 1375 994 1476 1057; x_wconf 78' lang='grc' dir='ltr'>τόν</span> <span class='ocrx_word' id='word_1_82' title='bbox 1500 1020 1564 1055; x_wconf 86' lang='grc' dir='ltr'>τε</span> <span class='ocrx_word' id='word_1_83' title='bbox 1593 994 1851 1076; x_wconf 63' lang='grc' dir='ltr'>Φρύγιονγ</span> <span class='ocrx_word' id='word_1_84' title='bbox 1865 998 1958 1057; x_wconf 82' lang='grc' dir='ltr'>καὶ</span> 
     </span>
     <span class='ocr_line' id='line_1_12' title="bbox 350 1082 1954 1161; baseline 0 -17"><span class='ocrx_word' id='word_1_85' title='bbox 350 1083 560 1144; x_wconf 77' lang='grc' dir='ltr'>Λύδιον</span> <span class='ocrx_word' id='word_1_86' title='bbox 599 1085 692 1143; x_wconf 83' lang='grc' dir='ltr'>καὶ</span> <span class='ocrx_word' id='word_1_87' title='bbox 725 1082 986 1145; x_wconf 84' lang='grc' dir='ltr'>Ἰωνικόν·</span> <span class='ocrx_word' id='word_1_88' title='bbox 1024 1082 1169 1161; x_wconf 79' lang='grc' dir='ltr'>πρός</span> <span class='ocrx_word' id='word_1_89' title='bbox 1204 1088 1382 1143; x_wconf 84' lang='grc' dir='ltr'>ταῦτα</span> <span class='ocrx_word' id='word_1_90' title='bbox 1420 1083 1490 1159; x_wconf 74' lang='grc' dir='ltr'>δή</span> <span class='ocrx_word' id='word_1_91' title='bbox 1529 1082 1605 1144; x_wconf 78' lang='grc' dir='ltr'>ὧν</span> <span class='ocrx_word' id='word_1_92' title='bbox 1640 1082 1675 1144; x_wconf 79' lang='grc' dir='ltr'><em>ὅ</em></span> <span class='ocrx_word' id='word_1_93' title='bbox 1713 1088 1954 1160; x_wconf 88' lang='grc' dir='ltr'>Δαρεῖος</span> 
     </span>
     <span class='ocr_line' id='line_1_13' title="bbox 348 1168 1955 1253; baseline -0.001 -21"><span class='ocrx_word' id='word_1_94' title='bbox 348 1170 483 1232; x_wconf 77' lang='grc' dir='ltr'>τάδε</span> <span class='ocrx_word' id='word_1_95' title='bbox 508 1168 927 1251; x_wconf 77' lang='grc' dir='ltr'>ἐμηχανήσατο·</span> <span class='ocrx_word' id='word_1_96' title='bbox 966 1170 1329 1253; x_wconf 80' lang='grc' dir='ltr'>συγκαλέσας</span> <span class='ocrx_word' id='word_1_97' title='bbox 1354 1171 1626 1249; x_wconf 86' lang='grc' dir='ltr'>Περσέων</span> <span class='ocrx_word' id='word_1_98' title='bbox 1649 1170 1782 1235; x_wconf 77' lang='grc' dir='ltr'>τοῦς</span> <span class='ocrx_word' id='word_1_99' title='bbox 1811 1172 1955 1232; x_wconf 88' lang='grc' dir='ltr'>δοκι-</span> 
     </span>
     <span class='ocr_line' id='line_1_14' title="bbox 350 1257 1955 1340; baseline 0.002 -22"><span class='ocrx_word' id='word_1_100' title='bbox 350 1258 651 1336; x_wconf 82' lang='grc' dir='ltr'>μωτάτους,</span> <span class='ocrx_word' id='word_1_101' title='bbox 680 1259 843 1340; x_wconf 80' lang='grc' dir='ltr'>ἔλεγέ</span> <span class='ocrx_word' id='word_1_102' title='bbox 878 1266 992 1335; x_wconf 90' lang='grc' dir='ltr'>σφι</span> <span class='ocrx_word' id='word_1_103' title='bbox 1015 1259 1168 1320; x_wconf 79' lang='grc' dir='ltr'>τάδε·</span> <span class='ocrx_word' id='word_1_104' title='bbox 1214 1268 1252 1295; x_wconf 86' lang='grc'><strong>“</strong></span> <span class='ocrx_word' id='word_1_105' title='bbox 1268 1257 1312 1317; x_wconf 78' lang='grc' dir='ltr'><strong><em>ὦ</em></strong></span> <span class='ocrx_word' id='word_1_106' title='bbox 1343 1260 1586 1336; x_wconf 82' lang='grc' dir='ltr'>Πέρσαι,</span> <span class='ocrx_word' id='word_1_107' title='bbox 1611 1260 1707 1323; x_wconf 81' lang='grc' dir='ltr'>τίς</span> <span class='ocrx_word' id='word_1_108' title='bbox 1745 1257 1817 1319; x_wconf 81' lang='grc' dir='ltr'>ἅν</span> <span class='ocrx_word' id='word_1_109' title='bbox 1853 1286 1955 1336; x_wconf 88' lang='grc' dir='ltr'>μοι</span> 
     </span>
     <span class='ocr_line' id='line_1_15' title="bbox 350 1346 1952 1428; baseline -0.001 -19"><span class='ocrx_word' id='word_1_110' title='bbox 350 1351 517 1410; x_wconf 83' lang='grc' dir='ltr'>τοῦτο</span> <span class='ocrx_word' id='word_1_111' title='bbox 542 1346 724 1425; x_wconf 78' lang='grc' dir='ltr'>ὖμέων</span> <span class='ocrx_word' id='word_1_112' title='bbox 746 1347 999 1410; x_wconf 73' lang='grc' dir='ltr'>ὖποστσῖς</span> <span class='ocrx_word' id='word_1_113' title='bbox 1025 1346 1366 1407; x_wconf 83' lang='grc' dir='ltr'>ἐπιτελέσειε</span> <span class='ocrx_word' id='word_1_114' title='bbox 1392 1346 1592 1426; x_wconf 83' lang='grc' dir='ltr'>σοφίῃ,</span> <span class='ocrx_word' id='word_1_115' title='bbox 1621 1347 1714 1406; x_wconf 82' lang='grc' dir='ltr'>καὶ</span> <span class='ocrx_word' id='word_1_116' title='bbox 1738 1347 1822 1423; x_wconf 77' lang='grc' dir='ltr'><em>μή</em></span> <span class='ocrx_word' id='word_1_117' title='bbox 1847 1350 1952 1428; x_wconf 86' lang='grc' dir='ltr'>βίῃ</span> 
     </span>
     <span class='ocr_line' id='line_1_16' title="bbox 348 1434 1954 1517; baseline 0 -21"><span class='ocrx_word' id='word_1_118' title='bbox 348 1461 415 1497; x_wconf 89' lang='grc' dir='ltr'>τε</span> <span class='ocrx_word' id='word_1_119' title='bbox 451 1435 546 1495; x_wconf 79' lang='grc' dir='ltr'>καὶ</span> <span class='ocrx_word' id='word_1_120' title='bbox 584 1434 802 1516; x_wconf 72' lang='grc' dir='ltr'>ὄμίλῳς</span> <span class='ocrx_word' id='word_1_121' title='bbox 848 1436 1006 1517; x_wconf 83' lang='grc' dir='ltr'>(ἔνθα</span> <span class='ocrx_word' id='word_1_122' title='bbox 1044 1434 1156 1516; x_wconf 74' lang='grc' dir='ltr'>γὰρ</span> <span class='ocrx_word' id='word_1_123' title='bbox 1196 1436 1409 1511; x_wconf 82' lang='grc' dir='ltr'>σοφίης</span> <span class='ocrx_word' id='word_1_124' title='bbox 1449 1434 1574 1505; x_wconf 84' lang='grc' dir='ltr'>δέει,</span> <span class='ocrx_word' id='word_1_125' title='bbox 1615 1435 1751 1511; x_wconf 87' lang='grc' dir='ltr'>βίης</span> <span class='ocrx_word' id='word_1_126' title='bbox 1791 1436 1954 1516; x_wconf 83' lang='grc' dir='ltr'>ἔργον</span> 
     </span>
     <span class='ocr_line' id='line_1_17' title="bbox 355 1520 1953 1603; baseline 0.001 -21"><span class='ocrx_word' id='word_1_127' title='bbox 355 1522 557 1603; x_wconf 66' lang='grc' dir='ltr'>οὐδέν)</span> <span class='ocrx_word' id='word_1_128' title='bbox 597 1522 779 1600; x_wconf 80' lang='grc' dir='ltr'>ὖμέων</span> <span class='ocrx_word' id='word_1_129' title='bbox 803 1522 872 1598; x_wconf 75' lang='grc' dir='ltr'>δή</span> <span class='ocrx_word' id='word_1_130' title='bbox 900 1522 976 1584; x_wconf 78' lang='grc' dir='ltr'>ὦν</span> <span class='ocrx_word' id='word_1_131' title='bbox 999 1524 1084 1585; x_wconf 87' lang='grc' dir='ltr'>τίς</span> <span class='ocrx_word' id='word_1_132' title='bbox 1108 1548 1210 1599; x_wconf 87' lang='grc' dir='ltr'>μοι</span> <span class='ocrx_word' id='word_1_133' title='bbox 1232 1521 1492 1600; x_wconf 84' lang='grc' dir='ltr'>Ὀροίτεα</span> <span class='ocrx_word' id='word_1_134' title='bbox 1517 1521 1556 1598; x_wconf 84' lang='grc' dir='ltr'>ἦ</span> <span class='ocrx_word' id='word_1_135' title='bbox 1583 1520 1794 1593; x_wconf 79' lang='grc' dir='ltr'>ζώοντα</span> <span class='ocrx_word' id='word_1_136' title='bbox 1819 1522 1953 1603; x_wconf 76' lang='grc' dir='ltr'>οἷγά-</span> 
     </span>
     <span class='ocr_line' id='line_1_18' title="bbox 349 1609 1953 1691; baseline 0.001 -23"><span class='ocrx_word' id='word_1_137' title='bbox 349 1636 459 1691; x_wconf 87' lang='grc' dir='ltr'>γοι,</span> <span class='ocrx_word' id='word_1_138' title='bbox 507 1610 546 1686; x_wconf 82' lang='grc' dir='ltr'><strong><em>ἢ</em></strong></span> <span class='ocrx_word' id='word_1_139' title='bbox 592 1610 964 1679; x_wconf 71' lang='grc' dir='ltr'>ἅποκτείνειες</span> <span class='ocrx_word' id='word_1_140' title='bbox 1020 1609 1083 1673; x_wconf 80' lang='grc' dir='ltr'>ὃς</span> <span class='ocrx_word' id='word_1_141' title='bbox 1127 1610 1396 1687; x_wconf 73' lang='grc' dir='ltr'>ὠφέλησε</span> <span class='ocrx_word' id='word_1_142' title='bbox 1438 1611 1544 1686; x_wconf 90' lang='grc' dir='ltr'>μέν</span> <span class='ocrx_word' id='word_1_143' title='bbox 1597 1636 1674 1669; x_wconf 91' lang='grc' dir='ltr'>κω</span> <span class='ocrx_word' id='word_1_144' title='bbox 1720 1611 1953 1687; x_wconf 86' lang='grc' dir='ltr'>Πέρσας</span> 
     </span>
     <span class='ocr_line' id='line_1_19' title="bbox 351 1695 1954 1778; baseline 0.001 -20"><span class='ocrx_word' id='word_1_145' title='bbox 351 1696 526 1766; x_wconf 74' lang='grc' dir='ltr'>οὐδὲν,</span> <span class='ocrx_word' id='word_1_146' title='bbox 554 1696 698 1758; x_wconf 85' lang='grc' dir='ltr'>κακοὶ</span> <span class='ocrx_word' id='word_1_147' title='bbox 731 1697 792 1756; x_wconf 82' lang='grc' dir='ltr'>δὲ</span> <span class='ocrx_word' id='word_1_148' title='bbox 825 1696 1052 1778; x_wconf 78' lang='grc' dir='ltr'>μεγάλα</span> <span class='ocrx_word' id='word_1_149' title='bbox 1087 1697 1267 1778; x_wconf 81' lang='grc' dir='ltr'>ἔοργε·</span> <span class='ocrx_word' id='word_1_150' title='bbox 1306 1700 1474 1758; x_wconf 83' lang='grc' dir='ltr'>τοῦτο</span> <span class='ocrx_word' id='word_1_151' title='bbox 1508 1699 1613 1774; x_wconf 81' lang='grc' dir='ltr'>μὲν</span> <span class='ocrx_word' id='word_1_152' title='bbox 1639 1695 1736 1758; x_wconf 81' lang='grc' dir='ltr'>δύο</span> <span class='ocrx_word' id='word_1_153' title='bbox 1766 1697 1954 1775; x_wconf 78' lang='grc' dir='ltr'>ἡμέων</span> 
     </span>
     <span class='ocr_line' id='line_1_20' title="bbox 347 1783 1954 1862; baseline 0.002 -18"><span class='ocrx_word' id='word_1_154' title='bbox 347 1783 614 1860; x_wconf 75' lang='grc' dir='ltr'>η’ΐστωσε,</span> <span class='ocrx_word' id='word_1_155' title='bbox 636 1783 1012 1862; x_wconf 80' lang='grc' dir='ltr'>Μιτραβοῖτεά</span> <span class='ocrx_word' id='word_1_156' title='bbox 1034 1808 1097 1845; x_wconf 90' lang='grc' dir='ltr'>τε</span> <span class='ocrx_word' id='word_1_157' title='bbox 1122 1786 1216 1844; x_wconf 82' lang='grc' dir='ltr'>καὶ</span> <span class='ocrx_word' id='word_1_158' title='bbox 1240 1785 1341 1847; x_wconf 81' lang='grc' dir='ltr'>τόν</span> <span class='ocrx_word' id='word_1_159' title='bbox 1358 1785 1532 1846; x_wconf 83' lang='grc' dir='ltr'>παῖδα</span> <span class='ocrx_word' id='word_1_160' title='bbox 1558 1784 1747 1846; x_wconf 73' lang='grc' dir='ltr'>αὐτοῦ·</span> <span class='ocrx_word' id='word_1_161' title='bbox 1783 1791 1954 1847; x_wconf 80' lang='grc' dir='ltr'>τοῦτο</span> 
     </span>
     <span class='ocr_line' id='line_1_21' title="bbox 348 1871 1951 1949; baseline 0.002 -19"><span class='ocrx_word' id='word_1_162' title='bbox 348 1871 411 1931; x_wconf 82' lang='grc' dir='ltr'>δὲ</span> <span class='ocrx_word' id='word_1_163' title='bbox 436 1872 529 1932; x_wconf 85' lang='grc' dir='ltr'>καὶ</span> <span class='ocrx_word' id='word_1_164' title='bbox 547 1871 677 1936; x_wconf 76' lang='grc' dir='ltr'>τοῦς</span> <span class='ocrx_word' id='word_1_165' title='bbox 705 1871 1117 1935; x_wconf 74' lang='grc' dir='ltr'>ἀνακαλέοντας</span> <span class='ocrx_word' id='word_1_166' title='bbox 1143 1872 1314 1933; x_wconf 75' lang='grc' dir='ltr'>αὐτὸν</span> <span class='ocrx_word' id='word_1_167' title='bbox 1338 1873 1431 1932; x_wconf 85' lang='grc' dir='ltr'>καὶ</span> <span class='ocrx_word' id='word_1_168' title='bbox 1450 1873 1840 1949; x_wconf 85' lang='grc' dir='ltr'>πεμπομένους</span> <span class='ocrx_word' id='word_1_169' title='bbox 1856 1873 1951 1933; x_wconf 73' lang='grc' dir='ltr'>ὕπ’</span> 
     </span>
     <span class='ocr_line' id='line_1_22' title="bbox 351 1959 1952 2038; baseline 0 -18"><span class='ocrx_word' id='word_1_170' title='bbox 351 1963 486 2036; x_wconf 82' lang='grc' dir='ltr'>ἐμεῦ</span> <span class='ocrx_word' id='word_1_171' title='bbox 518 1961 728 2030; x_wconf 85' lang='grc' dir='ltr'>κτείνει,</span> <span class='ocrx_word' id='word_1_172' title='bbox 755 1959 926 2037; x_wconf 80' lang='grc' dir='ltr'>ὕβριν</span> <span class='ocrx_word' id='word_1_173' title='bbox 956 1959 1058 2020; x_wconf 78' lang='grc' dir='ltr'>οὔκ</span> <span class='ocrx_word' id='word_1_174' title='bbox 1094 1959 1411 2038; x_wconf 65' lang='grc' dir='ltr'>ἀνεπίσχετον</span> <span class='ocrx_word' id='word_1_175' title='bbox 1438 1960 1670 2037; x_wconf 88' lang='grc' dir='ltr'>φαίνων.</span> <span class='ocrx_word' id='word_1_176' title='bbox 1737 1962 1870 2038; x_wconf 88' lang='grc' dir='ltr'>πρίν</span> <span class='ocrx_word' id='word_1_177' title='bbox 1894 1987 1952 2022; x_wconf 87' lang='grc' dir='ltr'>τι</span> 
     </span>
     <span class='ocr_line' id='line_1_23' title="bbox 350 2047 1949 2128; baseline 0 -21"><span class='ocrx_word' id='word_1_178' title='bbox 350 2047 423 2108; x_wconf 80' lang='grc' dir='ltr'>ὧν</span> <span class='ocrx_word' id='word_1_179' title='bbox 446 2049 615 2126; x_wconf 84' lang='grc' dir='ltr'>μέζον</span> <span class='ocrx_word' id='word_1_180' title='bbox 636 2049 1055 2128; x_wconf 82' lang='grc' dir='ltr'>ἐξεργάσασθαί</span> <span class='ocrx_word' id='word_1_181' title='bbox 1072 2073 1172 2124; x_wconf 88' lang='grc' dir='ltr'>μιν</span> <span class='ocrx_word' id='word_1_182' title='bbox 1197 2049 1430 2125; x_wconf 89' lang='grc' dir='ltr'>Πέρσας</span> <span class='ocrx_word' id='word_1_183' title='bbox 1455 2047 1642 2118; x_wconf 84' lang='grc' dir='ltr'>κακόν,</span> <span class='ocrx_word' id='word_1_184' title='bbox 1665 2052 1949 2126; x_wconf 79' lang='grc' dir='ltr'>καταλαμ-</span> 
     </span>
     <span class='ocr_line' id='line_1_24' title="bbox 258 2134 1954 2216; baseline 0.001 -21"><span class='ocrx_word' id='word_1_185' title='bbox 258 2137 371 2196; x_wconf 83' lang='grc'>128</span> <span class='ocrx_word' id='word_1_186' title='bbox 388 2138 556 2202; x_wconf 89' lang='grc' dir='ltr'>πτέος</span> <span class='ocrx_word' id='word_1_187' title='bbox 605 2138 731 2198; x_wconf 85' lang='grc' dir='ltr'>ἐστὶ</span> <span class='ocrx_word' id='word_1_188' title='bbox 780 2136 919 2213; x_wconf 73' lang='grc' dir='ltr'>ἡμῖν</span> <span class='ocrx_word' id='word_1_189' title='bbox 970 2134 1238 2216; x_wconf 73' lang='grc' dir='ltr'>θανάτω.”</span> <span class='ocrx_word' id='word_1_190' title='bbox 1320 2139 1558 2213; x_wconf 81' lang='grc' dir='ltr'>Δαρεῖος</span> <span class='ocrx_word' id='word_1_191' title='bbox 1598 2157 1604 2160; x_wconf 84' lang='grc'><em>·</em></span> <span class='ocrx_word' id='word_1_192' title='bbox 1617 2137 1724 2212; x_wconf 82' lang='grc' dir='ltr'>μὲν</span> <span class='ocrx_word' id='word_1_193' title='bbox 1771 2141 1954 2196; x_wconf 73' lang='grc' dir='ltr'>ταΐτα</span> 
     </span>
     <span class='ocr_line' id='line_1_25' title="bbox 298 2223 1956 2304; baseline 0.004 -21"><span class='ocrx_word' id='word_1_194' title='bbox 298 2257 305 2261; x_wconf 92' lang='grc'>-</span> <span class='ocrx_word' id='word_1_195' title='bbox 348 2224 634 2303; x_wconf 77' lang='grc' dir='ltr'>ἐπειρώτα·</span> <span class='ocrx_word' id='word_1_196' title='bbox 690 2228 769 2304; x_wconf 76' lang='grc' dir='ltr'>τῷ</span> <span class='ocrx_word' id='word_1_197' title='bbox 794 2225 853 2284; x_wconf 78' lang='grc' dir='ltr'>δὲ</span> <span class='ocrx_word' id='word_1_198' title='bbox 879 2223 1071 2302; x_wconf 81' lang='grc' dir='ltr'>ἄνδρες</span> <span class='ocrx_word' id='word_1_199' title='bbox 1092 2223 1391 2301; x_wconf 84' lang='grc' dir='ltr'>τριήκοντα</span> <span class='ocrx_word' id='word_1_200' title='bbox 1414 2223 1763 2300; x_wconf 74' lang='grc' dir='ltr'>ὑπέστησαν,</span> <span class='ocrx_word' id='word_1_201' title='bbox 1786 2223 1956 2289; x_wconf 71' lang='grc' dir='ltr'>αὐτὸς</span> 
     </span>
     <span class='ocr_line' id='line_1_26' title="bbox 350 2311 1952 2390; baseline 0.001 -20"><span class='ocrx_word' id='word_1_202' title='bbox 350 2312 585 2374; x_wconf 79' lang='grc' dir='ltr'>ἕκαστος</span> <span class='ocrx_word' id='word_1_203' title='bbox 616 2312 820 2371; x_wconf 80' lang='grc' dir='ltr'>ἐθέλων</span> <span class='ocrx_word' id='word_1_204' title='bbox 844 2313 1051 2372; x_wconf 88' lang='grc' dir='ltr'>ποιέειν</span> <span class='ocrx_word' id='word_1_205' title='bbox 1078 2315 1274 2372; x_wconf 82' lang='grc' dir='ltr'>ταῦτα·</span> <span class='ocrx_word' id='word_1_206' title='bbox 1315 2311 1594 2389; x_wconf 83' lang='grc' dir='ltr'>ἐρίζοντας</span> <span class='ocrx_word' id='word_1_207' title='bbox 1625 2312 1686 2371; x_wconf 79' lang='grc' dir='ltr'>δὲ</span> <span class='ocrx_word' id='word_1_208' title='bbox 1712 2316 1952 2390; x_wconf 83' lang='grc' dir='ltr'>Δαρεῖος</span> 
     </span>
     <span class='ocr_line' id='line_1_27' title="bbox 350 2396 1950 2476; baseline 0.002 -19"><span class='ocrx_word' id='word_1_209' title='bbox 350 2397 747 2475; x_wconf 79' lang='grc' dir='ltr'>κατελάμβανε</span> <span class='ocrx_word' id='word_1_210' title='bbox 787 2396 1024 2460; x_wconf 80' lang='grc' dir='ltr'>κελεύων</span> <span class='ocrx_word' id='word_1_211' title='bbox 1064 2399 1413 2460; x_wconf 78' lang='grc' dir='ltr'>πάλλεσθαι·</span> <span class='ocrx_word' id='word_1_212' title='bbox 1455 2399 1828 2476; x_wconf 88' lang='grc' dir='ltr'>παλλομένων</span> <span class='ocrx_word' id='word_1_213' title='bbox 1869 2400 1950 2474; x_wconf 86' lang='grc' dir='ltr'>δὲ,</span> 
     </span>
     <span class='ocr_line' id='line_1_28' title="bbox 349 2485 1956 2568; baseline 0.003 -24"><span class='ocrx_word' id='word_1_214' title='bbox 349 2485 619 2565; x_wconf 82' lang='grc' dir='ltr'>λαγχάνει</span> <span class='ocrx_word' id='word_1_215' title='bbox 646 2491 707 2545; x_wconf 87' lang='grc' dir='ltr'>ἐκ</span> <span class='ocrx_word' id='word_1_216' title='bbox 732 2486 951 2546; x_wconf 82' lang='grc' dir='ltr'>πάντων</span> <span class='ocrx_word' id='word_1_217' title='bbox 977 2490 1224 2568; x_wconf 81' lang='grc' dir='ltr'>Βαγαῖος</span> <span class='ocrx_word' id='word_1_218' title='bbox 1250 2486 1282 2547; x_wconf 80' lang='grc' dir='ltr'>ὁ</span> <span class='ocrx_word' id='word_1_219' title='bbox 1306 2486 1631 2565; x_wconf 85' lang='grc' dir='ltr'>Ἀρτόντεω·</span> <span class='ocrx_word' id='word_1_220' title='bbox 1667 2487 1863 2566; x_wconf 78' lang='grc' dir='ltr'>λαχῶν</span> <span class='ocrx_word' id='word_1_221' title='bbox 1889 2488 1956 2549; x_wconf 79' lang='grc' dir='ltr'>δὲ</span> 
     </span>
     <span class='ocr_line' id='line_1_29' title="bbox 346 2574 1954 2656; baseline 0.002 -24"><span class='ocrx_word' id='word_1_222' title='bbox 346 2599 380 2632; x_wconf 90' lang='lat' dir='ltr'><strong>o</strong></span> <span class='ocrx_word' id='word_1_223' title='bbox 408 2577 653 2655; x_wconf 81' lang='grc' dir='ltr'>Βαγαῖος</span> <span class='ocrx_word' id='word_1_224' title='bbox 675 2575 852 2634; x_wconf 89' lang='grc' dir='ltr'>ποιέει</span> <span class='ocrx_word' id='word_1_225' title='bbox 875 2574 1083 2635; x_wconf 80' lang='grc' dir='ltr'>τοιάδε·</span> <span class='ocrx_word' id='word_1_226' title='bbox 1119 2575 1338 2652; x_wconf 88' lang='grc' dir='ltr'>βιβλία</span> <span class='ocrx_word' id='word_1_227' title='bbox 1361 2574 1722 2656; x_wconf 81' lang='grc' dir='ltr'>γραψάμενος</span> <span class='ocrx_word' id='word_1_228' title='bbox 1753 2576 1954 2636; x_wconf 77' lang='grc' dir='ltr'>πολλοὶ</span> 
     </span>
     <span class='ocr_line' id='line_1_30' title="bbox 350 2660 1958 2772; baseline 0.004 -54"><span class='ocrx_word' id='word_1_229' title='bbox 350 2660 445 2720; x_wconf 85' lang='grc' dir='ltr'>καὶ</span> <span class='ocrx_word' id='word_1_230' title='bbox 472 2662 601 2739; x_wconf 83' lang='grc' dir='ltr'>περὶ</span> <span class='ocrx_word' id='word_1_231' title='bbox 630 2663 919 2747; x_wconf 79' lang='grc' dir='ltr'>πολλῶν”</span> <span class='ocrx_word' id='word_1_232' title='bbox 890 2688 1089 2742; x_wconf 92' lang='grc' dir='ltr'>εχοντα</span> <span class='ocrx_word' id='word_1_233' title='bbox 1118 2662 1478 2772; x_wconf 80' lang='grc' dir='ltr'>πρηγμάτων,</span> <span class='ocrx_word' id='word_1_234' title='bbox 1505 2663 1800 2744; x_wconf 80' lang='grc' dir='ltr'>σφρηγῖδά</span> <span class='ocrx_word' id='word_1_235' title='bbox 1835 2669 1958 2740; x_wconf 85' lang='grc' dir='ltr'>σφι</span> 
     </span>
     <span class='ocr_line' id='line_1_31' title="bbox 346 2748 1958 2829; baseline 0.004 -21"><span class='ocrx_word' id='word_1_236' title='bbox 346 2748 599 2826; x_wconf 87' lang='grc' dir='ltr'>ἐπέβαλε</span> <span class='ocrx_word' id='word_1_237' title='bbox 628 2749 733 2826; x_wconf 83' lang='grc' dir='ltr'>τήν</span> <span class='ocrx_word' id='word_1_238' title='bbox 773 2751 1031 2826; x_wconf 88' lang='grc' dir='ltr'>Δαρείου·</span> <span class='ocrx_word' id='word_1_239' title='bbox 1072 2749 1217 2827; x_wconf 71' lang='grc' dir='ltr'>μετὰ</span> <span class='ocrx_word' id='word_1_240' title='bbox 1255 2749 1405 2820; x_wconf 74' lang='grc' dir='ltr'>δὲ,”</span> <span class='ocrx_word' id='word_1_241' title='bbox 1365 2758 1456 2825; x_wconf 89' lang='grc' dir='ltr'>ηἳε</span> <span class='ocrx_word' id='word_1_242' title='bbox 1496 2751 1637 2829; x_wconf 82' lang='grc' dir='ltr'>ἔχων</span> <span class='ocrx_word' id='word_1_243' title='bbox 1675 2753 1854 2810; x_wconf 77' lang='grc' dir='ltr'>ταῦτα</span> <span class='ocrx_word' id='word_1_244' title='bbox 1893 2755 1958 2814; x_wconf 81' lang='grc' dir='ltr'>ε”ς</span> 
     </span>
     <span class='ocr_line' id='line_1_32' title="bbox 350 2836 1960 2915; baseline 0.003 -22"><span class='ocrx_word' id='word_1_245' title='bbox 350 2836 453 2898; x_wconf 74' lang='grc' dir='ltr'>τᾶς</span> <span class='ocrx_word' id='word_1_246' title='bbox 499 2836 720 2914; x_wconf 80' lang='grc' dir='ltr'>Σάρδις·</span> <span class='ocrx_word' id='word_1_247' title='bbox 773 2837 1105 2915; x_wconf 76' lang='grc' dir='ltr'>ἀπικόμενος</span> <span class='ocrx_word' id='word_1_248' title='bbox 1153 2837 1214 2896; x_wconf 82' lang='grc' dir='ltr'>δὲ</span> <span class='ocrx_word' id='word_1_249' title='bbox 1260 2839 1352 2896; x_wconf 80' lang='grc' dir='ltr'>καὶ</span> <span class='ocrx_word' id='word_1_250' title='bbox 1393 2837 1660 2913; x_wconf 88' lang='grc' dir='ltr'>Ὀροίτεω</span> <span class='ocrx_word' id='word_1_251' title='bbox 1711 2842 1769 2900; x_wconf 84' lang='grc' dir='ltr'>ἐς</span> <span class='ocrx_word' id='word_1_252' title='bbox 1817 2837 1960 2914; x_wconf 80' lang='grc' dir='ltr'>ὄψιν</span> 
     </span>
     <span class='ocr_line' id='line_1_33' title="bbox 351 2922 1960 3002; baseline 0.002 -22"><span class='ocrx_word' id='word_1_253' title='bbox 351 2922 548 2993; x_wconf 88' lang='grc' dir='ltr'>ἐλθων,</span> <span class='ocrx_word' id='word_1_254' title='bbox 567 2928 678 2982; x_wconf 78' lang='grc' dir='ltr'>τῶν</span> <span class='ocrx_word' id='word_1_255' title='bbox 700 2925 998 2999; x_wconf 61' lang='grc' dir='ltr'>βιβλίων*</span> <span class='ocrx_word' id='word_1_256' title='bbox 972 2950 1029 2984; x_wconf 88' lang='grc' dir='ltr'>εν</span> <span class='ocrx_word' id='word_1_257' title='bbox 1050 2925 1288 2984; x_wconf 81' lang='grc' dir='ltr'>ἕκαστον</span> <span class='ocrx_word' id='word_1_258' title='bbox 1305 2924 1751 3002; x_wconf 85' lang='grc' dir='ltr'>περιαιρεόμενος</span> <span class='ocrx_word' id='word_1_259' title='bbox 1772 2924 1960 2985; x_wconf 81' lang='grc' dir='ltr'>ἐδίδου</span> 
     </span>
    </p>

    <p class='ocr_par' dir='ltr' id='par_1_3' title="bbox 270 3007 1958 3178">
     <span class='ocr_line' id='line_1_34' title="bbox 270 3007 1958 3093; baseline 0.002 -27"><span class='ocrx_word' id='word_1_260' title='bbox 270 3007 285 3016; x_wconf 70' lang='grc'><em>”</em></span> <span class='ocrx_word' id='word_1_261' title='bbox 346 3010 425 3086; x_wconf 74' lang='grc' dir='ltr'>τῷ</span> <span class='ocrx_word' id='word_1_262' title='bbox 459 3014 861 3089; x_wconf 82' lang='grc' dir='ltr'>γραμματιστῇ</span> <span class='ocrx_word' id='word_1_263' title='bbox 898 3015 976 3088; x_wconf 78' lang='grc' dir='ltr'>τῷ</span> <span class='ocrx_word' id='word_1_264' title='bbox 1013 3011 1304 3090; x_wconf 78' lang='grc' dir='ltr'>βασιληΐω</span> <span class='ocrx_word' id='word_1_265' title='bbox 1345 3012 1728 3092; x_wconf 87' lang='grc' dir='ltr'>ἐπιλέγεσθαι·</span> <span class='ocrx_word' id='word_1_266' title='bbox 1769 3037 1958 3093; x_wconf 80' lang='grc' dir='ltr'>γραμ-</span> 
     </span>
     <span class='ocr_line' id='line_1_35' title="bbox 346 3095 1958 3178; baseline 0.005 -28"><span class='ocrx_word' id='word_1_267' title='bbox 346 3096 621 3166; x_wconf 83' lang='grc' dir='ltr'>ματιστοὶς</span> <span class='ocrx_word' id='word_1_268' title='bbox 656 3095 717 3153; x_wconf 87' lang='grc' dir='ltr'>δε</span> <span class='ocrx_word' id='word_1_269' title='bbox 750 3097 1090 3172; x_wconf 73' lang='grc' dir='ltr'>βασιληίους</span> <span class='ocrx_word' id='word_1_270' title='bbox 1120 3099 1177 3155; x_wconf 78' lang='grc' dir='ltr'>οἱ</span> <span class='ocrx_word' id='word_1_271' title='bbox 1210 3098 1414 3160; x_wconf 81' lang='grc' dir='ltr'>πάντες</span> <span class='ocrx_word' id='word_1_272' title='bbox 1447 3099 1693 3178; x_wconf 82' lang='grc' dir='ltr'>ὕπαρχοι</span> <span class='ocrx_word' id='word_1_273' title='bbox 1731 3101 1958 3177; x_wconf 80' lang='grc' dir='ltr'>ἔχουσι·</span> 
     </span>
    </p>
   </div>
   <div class='ocr_carea' id='block_1_3' title="bbox 342 3174 1959 3351">
    <p class='ocr_par' dir='ltr' id='par_1_4' title="bbox 342 3174 1959 3351">
     <span class='ocr_line' id='line_1_36' title="bbox 342 3174 1959 3261; baseline 0.007 -28"><span class='ocrx_word' id='word_1_274' title='bbox 342 3174 818 3256; x_wconf 81' lang='grc' dir='ltr'>αποπειρεῶμενος</span> <span class='ocrx_word' id='word_1_275' title='bbox 844 3183 904 3241; x_wconf 85' lang='grc' dir='ltr'>δὲ</span> <span class='ocrx_word' id='word_1_276' title='bbox 928 3187 1039 3242; x_wconf 77' lang='grc' dir='ltr'>τῶν</span> <span class='ocrx_word' id='word_1_277' title='bbox 1066 3182 1392 3261; x_wconf 85' lang='grc' dir='ltr'>δορυφόρων</span> <span class='ocrx_word' id='word_1_278' title='bbox 1418 3182 1599 3246; x_wconf 87' lang='grc' dir='ltr'>ἐδίδου</span> <span class='ocrx_word' id='word_1_279' title='bbox 1623 3185 1696 3246; x_wconf 82' lang='grc' dir='ltr'>τοὶ</span> <span class='ocrx_word' id='word_1_280' title='bbox 1727 3187 1959 3261; x_wconf 82' lang='grc' dir='ltr'>βιβλία</span> 
     </span>
     <span class='ocr_line' id='line_1_37' title="bbox 347 3267 1957 3351; baseline 0.011 -35"><span class='ocrx_word' id='word_1_281' title='bbox 347 3285 380 3316; x_wconf 93' lang='grc' dir='ltr'>ο</span> <span class='ocrx_word' id='word_1_282' title='bbox 413 3267 675 3340; x_wconf 82' lang='grc' dir='ltr'>Βαγαῖος,</span> <span class='ocrx_word' id='word_1_283' title='bbox 709 3271 759 3324; x_wconf 83' lang='grc' dir='ltr'>εἰ</span> <span class='ocrx_word' id='word_1_284' title='bbox 798 3268 1109 3336; x_wconf 78' lang='grc' dir='ltr'>ἐνδεξαίατο</span> <span class='ocrx_word' id='word_1_285' title='bbox 1151 3268 1474 3333; x_wconf 74' lang='grc' dir='ltr'>ἀπόστασιν</span> <span class='ocrx_word' id='word_1_286' title='bbox 1512 3272 1626 3334; x_wconf 83' lang='grc' dir='ltr'>ἀπο</span> <span class='ocrx_word' id='word_1_287' title='bbox 1657 3272 1957 3351; x_wconf 88' lang='grc' dir='ltr'>Ὀροίτεω·</span> 
     </span>
    </p>
   </div>
   <div class='ocr_carea' id='block_1_4' title="bbox 2213 142 2220 241">
    <p class='ocr_par' dir='ltr' id='par_1_5' title="bbox 2213 142 2220 241">
     <span class='ocr_line' id='line_1_38' title="bbox 2213 142 2220 241; textangle 90"><span class='ocrx_word' id='word_1_288' title='bbox 2218 200 2219 241; x_wconf 33' lang='grc' dir='ltr'>ᾼᾘ</span> <span class='ocrx_word' id='word_1_289' title='bbox 2213 142 2220 173; x_wconf 52' lang='grc' dir='ltr'><strong>Α</strong></span> 
     </span>
    </p>
   </div>
  </div>
 </body>
</html>
