2250 3500
317 148 608 214 los—109]
956 147 1281 199 marna.
1828 147 1920 200 157

395 234 612 290 Τοῦτον
627 227 698 304 δή
710 227 813 290 τόν
827 226 1137 310 Αἰγύπτιον
1154 227 1481 305 Σέσωστριν
1494 225 1881 308 ἀναχωρέοντα
1900 229 1929 288 1
1938 229 2016 291 07

316 319 412 378 καὶ
453 315 733 398 α’νᾶγοντα
771 315 1026 380 πολλοῦς
1065 314 1387 391 ἀνθρώπους
1423 319 1536 376 τῶν
1575 316 1773 378 ἐθνέων
1810 319 1921 376 τῶν

313 405 418 469 τοῖς
455 405 643 484 χώρας
682 403 1118 482 κατεστρέψατο,
1163 405 1359 483 ἔλεγον
1400 406 1455 462 οἱ
1498 403 1652 480 ἱρέες,
1696 405 1821 463 ἐπεί
1858 429 1920 464 τε

318 493 540 574 ἐγένετο
571 491 1040 569 ἀνακομιζόμενος
1071 495 1131 550 ἐν
1160 489 1434 569 Δάφνῃσι
1462 494 1599 570 τῇσι
1630 493 1921 568 Πηλουσί-

317 605 440 658 ῃσι,
474 579 576 640 τόν
614 578 895 656 α’δελφεὸν
934 582 1141 640 ἑωυτοῦ
1176 582 1255 658 τῷ
1294 579 1562 656 ἐπέτρεψε
1602 579 1923 657 Σέσωστρις

314 667 425 743 τὴν
461 667 763 749 Αἴγυπτον,
804 669 1004 727 τοῦτον
1043 665 1137 726 ἐπὶ
1177 666 1350 736 ξείνια
1390 663 1563 726 αὗτόν
1602 666 1923 727 καλέσαντα

318 755 413 813 καὶ
447 755 588 832 πρός
619 754 768 834 αὐτῷ
796 754 928 818 τούς
959 754 1179 824 παῖδας,
1216 756 1554 831 περινηῆσαι
1582 753 1779 824 ἔξωθεν
1815 754 1923 831 τήν

317 842 497 918 οἰκίην
523 841 634 922 ὕλῃ
667 840 1085 920 περινηήσαντα
1121 842 1184 902 δὲ
1216 840 1567 919 ὕποπρῆσαι·
1604 842 1705 902 τὸν
1745 841 1821 912 δὲ,
1848 841 1923 906 ὥς

313 930 515 1006 μαθεῖν
560 934 746 1001 τοῦτο,
789 929 990 990 αὐτίκα
1029 929 1531 1006 συμβουλεύεσθαι
1568 932 1642 1008 τῇ
1680 933 1919 1010 γυναικί·

314 1017 408 1075 καὶ
430 1016 543 1099 γαῖρ
569 1016 640 1094 δή
667 1017 759 1076 καὶ
781 1016 888 1094 τήν
911 1019 1146 1098 γυναῖκα
1173 1016 1343 1078 αὖτὸν
1367 1016 1488 1093 ἅμα
1512 1015 1771 1097 ἄγεσθαι·
1811 1017 1919 1094 τήν

313 1103 378 1163 δέ
401 1108 454 1165 οἶ
481 1107 940 1182 συμβουλεῦσαι,
964 1108 1078 1166 τῶν
1101 1105 1313 1167 παίδων
1339 1105 1538 1166 ἐόντων
1565 1105 1641 1176 ἐξ,
1665 1105 1795 1170 τοῦς
1820 1106 1919 1167 δύο

313 1192 405 1252 ἐπὶ
429 1192 535 1269 τήν
559 1193 744 1271 πυρήν
777 1191 1096 1254 ἐκτείναντα
1134 1197 1464 1275 γεφυρῶσαι
1497 1192 1566 1254 τό
1606 1193 1914 1271 καιόμενον,

313 1279 514 1344 αὐτοῦς
576 1280 622 1340 δ’
675 1280 762 1341 ἐπ’
815 1281 1032 1342 ἐκείνων
1095 1281 1488 1356 ἐπιβαίνοντας
1550 1281 1915 1352 ἐκσώζεσθαι·

310 1371 490 1426 ταῦτα
514 1371 751 1444 ποιῆσαι
773 1367 874 1430 τᾶν
901 1369 1243 1445 Σέσωστριν,
1274 1368 1366 1426 καὶ
1392 1367 1491 1426 δύο
1523 1369 1630 1443 μὲν
1654 1371 1764 1429 τῶν
1788 1369 1917 1428 παί-

313 1453 424 1513 δων
477 1459 818 1532 κατακαῆναι
859 1455 1049 1536 τρόπῳ
1100 1453 1348 1534 τοιούτῳ,
1395 1453 1525 1517 τοῦς
1570 1454 1631 1513 δὲ
1682 1455 1917 1518 λοιποῦς

311 1539 678 1619 ἀποσωθῆναι
703 1542 820 1620 ἅμα
845 1547 922 1624 τῷ
944 1543 1136 1620 πατρί.
1202 1540 1519 1618 Νοστήσας
1543 1541 1604 1600 δὲ
1629 1541 1662 1602 ὅ
1691 1542 1875 1606 Σέσω-
1894 1544 2011 1604 108

312 1653 473 1709 στρις
499 1635 556 1695 ἐς
579 1631 684 1708 τήν
709 1622 998 1713 Αἴγυπτον
1034 1632 1127 1690 καὶ
1155 1629 1457 1709 τισάμενος
1490 1629 1590 1692 τόν
1616 1629 1913 1707 ἀδελφεόν,

309 1721 388 1797 τῷ
419 1721 524 1796 μὲν
559 1719 741 1801 ὁμίλῳ
767 1720 866 1781 τὸν
901 1719 1232 1802 ἐπηγάγετο,
1264 1722 1376 1781 τῶν
1409 1717 1511 1785 τοὶς
1542 1718 1727 1800 χώρας
1760 1744 1914 1782 κατε-

311 1807 614 1886 στρέψατο,
654 1808 834 1888 τούτῳ
872 1811 978 1886 μὲν
1028 1808 1162 1869 τάδε
1216 1806 1519 1887 ἐχρήσατο·
1571 1805 1703 1872 τούς
1745 1808 1813 1868 τέ
1856 1810 1911 1868 οἶ

312 1894 518 1966 λίθους,
545 1895 676 1959 τούς
715 1897 808 1955 ἐπὶ
845 1894 1045 1957 τούτου
1081 1900 1183 1957 τοῦ
1224 1898 1502 1972 βασιλέος
1542 1896 1910 1973 κομισθέντας

313 1986 368 2045 ἐς
405 1987 508 2041 τοΰ
531 1982 860 2061 Ἡφαίστου
898 1983 965 2045 τὰ
1007 1981 1145 2061 ἶρὸν,
1180 1982 1370 2047 ἐόντας
1408 1983 1644 2065 μεγάθεΐ
1681 1982 1913 2060 περιμή-

315 2092 454 2141 κεας,
492 2068 648 2132 οὗτοι
685 2070 838 2147 ἦσαν
878 2073 933 2132 οἶ
973 2070 1327 2133 ἑλκύσαντες·
1370 2071 1461 2128 καὶ
1501 2069 1603 2132 τοῖς
1639 2068 1911 2148 διώρυχας

309 2156 412 2221 τοῖς
445 2162 542 2219 νῦν
579 2158 782 2223 ἐούσας
817 2164 876 2219 ἐν
903 2157 1169 2239 Αἰγύπτῳ
1198 2156 1389 2237 πάσας
1425 2154 1578 2216 οὗτοι
1609 2153 1912 2237 ἀναγκαζό-

310 2269 469 2321 μενοι
494 2244 773 2324 ὤρυσσον·
815 2246 1035 2306 ἐποίευν
1067 2270 1132 2306 τε
1169 2243 1269 2303 οὐκ
1298 2242 1510 2307 ἑκόντες
1533 2243 1821 2324 Αἴγυπτον
1842 2242 1912 2304 τὰ

310 2332 445 2409 πρὶν
495 2336 700 2393 ἐοῦσαν
742 2334 1064 2410 ἱππασίμην
1111 2332 1205 2391 καὶ
1257 2330 1675 2410 ἅμαξευομένην
1717 2334 1912 2394 πᾶσαν

313 2420 470 2479 ἐνδεᾶ
493 2419 720 2482 τούτων·
761 2420 874 2482 α’,πό
898 2421 1010 2503 γὰρ
1036 2418 1236 2482 τούτου
1258 2422 1361 2480 τοῦ
1384 2420 1591 2500 χρόνου
1610 2420 1908 2502 Αἴγυπτος,

313 2510 490 2567 ἐοῦσα
533 2508 725 2572 πεδιοὶς
759 2512 940 2579 πᾶσα,
984 2507 1224 2572 ἄνιππος
1274 2507 1367 2567 καὶ
1408 2506 1783 2585 ἀναμάξευτος
1820 2508 1909 2590 γέ-

310 2615 460 2675 γονε·
501 2596 672 2656 αἴτιαι
704 2594 765 2656 δὲ
788 2596 998 2657 τούτων
1025 2600 1082 2655 αἶ
1108 2593 1369 2675 διώρυχες
1398 2596 1685 2677 γεγόνασι,
1714 2600 1911 2657 ἐοῦσαι

311 2682 528 2742 πολλαὶ
555 2684 646 2743 καὶ
672 2685 968 2749 παντοίους
997 2681 1241 2761 τρόπους
1270 2685 1521 2763 ἔχουσαι.
1605 2684 1911 2758 κατέταμνε

312 2768 374 2829 δὲ
410 2770 572 2830 τοῦδε
615 2771 797 2833 εἵνεκα
840 2771 946 2848 τήν
985 2770 1176 2851 χώρην
1216 2796 1249 2831 ο
1292 2768 1589 2847 βασιλευς·
1630 2768 1762 2828 ὅσοι
1800 2771 1911 2827 τῶν

311 2858 629 2938 Αἰγυπτίων
669 2859 750 2936 μή
795 2860 887 2920 ἐπι
928 2862 1005 2938 τῷ
1044 2860 1279 2937 ποταμῶ
1320 2857 1545 2931 ἔκτηντο
1585 2854 1686 2917 τοὶς
1724 2852 1909 2925 πόλις,

310 2943 444 3004 ἀλλ’
486 2945 828 3023 αναμέσους,·
861 2944 1029 3017 οὗτοι,
1073 2945 1212 3009 ὅκως
1255 2968 1319 3004 τε
1363 2941 1519 3001 οἷπίοι
1560 2940 1593 3000 ὁ
1636 2939 1907 3017 ποταμὸς,

309 3034 674 3105 σπανίζοντες
722 3033 936 3095 ὖδοῖτων
985 3032 1390 3109 πλατυτέροισι
1448 3028 1706 3109 ἐχρέοντο
1756 3031 1913 3088 τοῖσι

309 3120 550 3198 πόμασι,
606 3128 708 3182 ἐκ
727 3121 984 3200 φρεάτων
1039 3118 1353 3200 χρεόμενοι·
1421 3116 1630 3176 τούτων
1685 3117 1789 3192 μὲν
1839 3115 1909 3190 δὴ

312 3208 494 3268 εἵνεκα
549 3209 868 3287 κατετμήθη
915 3208 992 3285 ἦ
1009 3209 1310 3289 Αἴγυπτος.
1408 3206 1757 3280 Κατανεῖμαι
1806 3202 1867 3263 δὲ
1885 3203 2001 3265 109

309 3295 417 3373 τήν
468 3322 658 3377 χωρην
699 3298 1060 3379 Αἰγυπτίοισι
1109 3318 1295 3354 απασι
1334 3295 1535 3352 τοῦτον
1575 3292 1771 3373 ἔλεγον
1809 3314 1909 3353 τον
