2250 3500
312 128 393 185 65,
422 124 509 189 66]
976 126 1244 176 θΑΛΕιΑ.
1811 130 1911 177 233

309 229 427 280 μοι,
482 202 575 265 καὶ
628 202 867 281 Σμέρδιν
916 202 1018 264 τὸν
1070 203 1266 280 Κύρου
1315 204 1513 281 μηκέτι
1564 204 1698 282 υμῖν
1749 204 1913 267 ἐόντα

308 291 632 371 λογίζεσθε·
673 294 728 351 οἶ
764 290 825 351 δὲ
863 289 996 367 ύμῖν
1036 289 1232 403 Μάγοι
1272 292 1568 368 κρατέουσι
1606 297 1718 353 τῶν
1738 295 1912 369 βασι-

308 378 503 453 ληιων,
544 376 645 438 τόν
682 403 747 438 τε
800 378 997 437 ἔλιπον
1037 378 1339 455 ἐπίτροπον
1376 382 1488 437 τῶν
1528 381 1710 440 οἰκίων
1749 382 1841 440 καὶ
1879 381 1915 444 ὅ

310 464 521 526 ἐκείνου
573 464 854 540 ἀδελφεος
895 464 1152 542 Σμέρδις.
1231 464 1333 525 τᾶν
1369 466 1476 542 μέν
1515 490 1612 526 νυν
1653 467 1912 543 μάλιστα

308 556 473 629 χρῆν,
522 556 655 629 ἐμεῦ
706 551 919 631 αἶσχρα
970 553 1111 628 πρός
1148 556 1260 612 τῶν
1299 551 1515 632 Μάγων
1552 554 1914 626 πεπονθότος,

308 639 597 717 τιμωρέειν
628 641 769 716 ἐμοὶ,
798 638 961 703 οὗτος
994 642 1099 716 μὲν
1124 638 1334 718 ἆνοσίω
1367 639 1524 719 μόρω
1558 640 1914 717 τετελεύτηκε

308 725 423 787 &vd
436 732 547 789 τῶν
566 730 770 787 εωυτοΰ
791 725 1166 804 οἲκηῖοτάτων·
1193 726 1394 786 τούτου
1415 726 1477 785 δε
1493 728 1692 804 μηκέτι
1713 727 1913 799 ἐόντος,

310 812 539 892 δεύτερα
577 816 690 875 τῶν
728 808 962 883 λοιπῶν,
1003 813 1152 890 ύμῖν,
1195 813 1240 873 ὦ
1283 815 1524 891 Πέρσαι,
1566 814 1784 896 γίνεταί
1817 840 1917 892 μοι

310 900 751 982 ἀναγκαιότατον
798 902 1163 962 ἐντέλλεσθαι
1212 927 1286 962 τα
1327 903 1474 962 θέλω
1513 928 1614 979 μοι
1651 904 1915 984 γενέσθαι

308 993 582 1050 τελευτῶν
632 990 733 1051 τόν
769 991 923 1066 βίον·
990 991 1083 1049 καὶ
1165 989 1204 1066 ἡ
1243 988 1374 1067 ύμῖν
1411 989 1544 1049 τάδε
1583 990 1908 1067 ἐπισκήπτω

311 1076 472 1140 θεοὺς
514 1077 645 1141 τοῦς
682 1078 1023 1153 βασιληίους
1070 1078 1393 1148 ἐπικαλέων,
1434 1102 1528 1137 και
1566 1082 1746 1139 πᾶσιν
1783 1079 1916 1157 ύμῖν

312 1164 406 1222 καὶ
464 1164 722 1241 μάλιστα
780 1164 1206 1245 Ἀχαιμενιδέων
1264 1168 1419 1226 τοῖσι
1478 1170 1768 1244 παρεοῦσι,
1831 1168 1914 1245 μή

310 1252 574 1327 περιϊδεῖν
596 1252 701 1329 τήν
734 1252 1035 1334 ἡγεμονίην
1062 1252 1217 1316 αὖτις
1243 1258 1298 1315 ἐς
1335 1252 1565 1328 Μήδους
1591 1255 1914 1332 περιελθοῦ-

310 1363 442 1399 σαν·
483 1339 633 1409 αἶλλ’,
664 1340 773 1400 εἴτε
798 1340 945 1419 δόλῳ
970 1341 1166 1418 ἔχουσι
1193 1338 1367 1413 αὐτ-ἦν
1399 1340 1740 1416 κτησάμενοι
1766 1340 1916 1422 δόλῳ

308 1424 677 1504 ἀπαιρεθῆναι
702 1427 811 1487 ὖπό
848 1427 1047 1504 ὖμέων·
1092 1426 1202 1487 εἴτε
1242 1425 1336 1486 καὶ
1371 1427 1564 1486 σθένεΐ
1593 1452 1698 1507 τεῳ
1724 1454 1914 1507 κατερ-

309 1515 639 1592 γασάμενοι,
672 1516 859 1577 σθένεϊ
902 1514 1045 1575 κατὰ
1080 1514 1151 1574 τό
1193 1514 1459 1592 καρτερὰν
1483 1512 1914 1577 ἀνασώσασθαι.

310 1600 404 1660 καὶ
428 1606 605 1662 ταῦτα
633 1604 737 1680 μὲν
768 1606 992 1662 ποιεῦσι
1022 1601 1155 1679 ύμῖν
1193 1605 1274 1684 γῆ
1310 1626 1373 1662 τε
1415 1602 1628 1680 καρπόν
1668 1604 1912 1683 ἐκφέροι,

308 1690 403 1748 καὶ
440 1691 696 1770 γυναῖκές
734 1716 798 1752 τε
838 1690 932 1750 καὶ
970 1690 1204 1768 ποίμνια
1242 1691 1496 1762 τίκτοιεν,
1526 1694 1685 1752 ἐοῦσι
1699 1705 1705 1710 ’
1720 1696 1776 1757 ἐς
1811 1691 1914 1754 τᾶν

308 1775 527 1837 ἅπαντα
558 1778 763 1857 χρόνον
798 1778 1163 1856 ἐλευθέροισι·
1203 1804 1287 1855 μη
1325 1777 1822 1858 ἀνασωσαμένοισι
1851 1781 1912 1842 δε
2001 1843 2008 1850 ,

304 1889 411 1941 την
444 1864 627 1944 α’ρχην
665 1865 794 1942 μηδ’
823 1865 1220 1943 ἐπιχειρήσασι
1261 1865 1565 1938 α’νασῶζειν
1593 1893 1666 1928 τα
1693 1869 1912 1929 ἐναντία
1967 1913 1970 1916 -

305 1951 559 2014 τούτοισι
598 1951 835 2030 ἀρέομαι
872 1951 1005 2028 ὑμῖν
1043 1953 1327 2033 γενέσθαι·
1371 1954 1466 2011 καὶ
1504 1955 1646 2030 πρός
1675 1955 1754 2015 ἔτι
1785 1955 1910 2016 τού·

302 2065 474 2110 τοισι,
514 2039 582 2100 τὸ
622 2039 787 2104 τέλος
827 2039 1097 2116 Περσέων
1139 2039 1356 2098 ἑκάστω
1397 2040 1752 2119 ἐπιγενέσθαι
1791 2041 1910 2102 οἴω

304 2129 433 2204 ἐμοὶ
458 2126 797 2210 ἐπιγέγονε·”
880 2127 997 2204 ἅμα
1029 2153 1091 2187 τε
1129 2128 1286 2190 εἴπας
1320 2129 1498 2186 ταῦτα
1524 2126 1556 2186 ὁ
1585 2128 1911 2204 Καμβύσης

302 2214 577 2291 ἀπέκλαιε
616 2219 811 2276 πᾶσαν
848 2215 953 2290 τήν
992 2217 1195 2274 ἑωυτοῦ
1235 2213 1456 2291 πρῆξιν·
1501 2212 1726 2290 Πέρσαι
1757 2214 1804 2274 δ’
1840 2215 1910 2280 ὥς
1928 2219 2004 2276 66

302 2301 409 2362 τᾶν
456 2303 727 2380 βασιλέα,
767 2302 914 2362 εἶδον
966 2301 1420 2372 ἀνακλαύσαντα,
1473 2301 1676 2366 πάντες
1722 2302 1797 2363 τά
1847 2327 1911 2364 τε

306 2391 547 2466 ἐσθῆτος
598 2390 839 2469 ἐχόμενα
898 2389 1050 2468 εἶχον
1117 2392 1296 2450 ταῦτα
1356 2390 1762 2466 κατηρείκοντο,
1816 2392 1909 2451 καὶ

304 2481 523 2558 οἰμωγῇ
576 2477 807 2558 ἀφθόνῳ
858 2477 1202 2556 διεχρέωντο.
1243 2505 1248 2510 ·
1283 2476 1426 2554 μετὰ
1480 2477 1539 2538 ὃὸ
1588 2483 1782 2552 ταῦτα,
1837 2479 1912 2544 ὥς

306 2565 659 2641 ἐσφακέλισέ
708 2591 772 2626 τε
823 2565 890 2625 τό
945 2564 1148 2626 ὁστέον
1201 2566 1296 2625 καὶ
1347 2566 1382 2627 ὅ
1433 2565 1613 2644 μηρός
1663 2567 1910 2646 τάχιστα

304 2652 509 2730 ἐσάπη,
564 2653 825 2730 ἀπήνεικε
866 2652 1195 2729 Καμβύσεα
1243 2653 1347 2714 τόν
1388 2653 1596 2731 Κύρου,
1637 2653 1911 2728 βασιλεύ-

301 2743 489 2800 σαντα
531 2743 637 2818 μὲν
680 2741 752 2801 τὰ
794 2739 979 2801 πάντα
1026 2740 1170 2800 ἔπτὰ
1215 2740 1340 2800 ἔτεα
1377 2740 1470 2799 καὶ
1507 2743 1688 2816 μῆνας
1725 2739 1907 2812 πέντε,

300 2826 515 2888 ἄπαιδα
561 2830 622 2889 δὲ
671 2830 739 2889 ‘td
790 2827 1057 2905 παράπαν
1094 2827 1262 2888 ἐόντα
1301 2829 1525 2904 ἔρσενος
1568 2826 1661 2884 καὶ
1701 2825 1908 2903 θήλεος

296 2914 491 2996 γόνου.
576 2916 845 2994 Περσέων
872 2916 931 2975 δὲ
954 2920 1108 2976 τοῖσι
1138 2919 1414 2992 παρεσῦσι
1447 2913 1682 2989 ἀπιστίη
1707 2912 1902 2990 πολλὴ

296 3002 628 3084 ὑπεκέχυτο,
667 3003 797 3068 τούς
838 3003 1072 3084 Μάγους
1109 3003 1256 3080 ἔχειν
1288 3001 1362 3063 τὰ
1395 3001 1718 3082 πρήγματα·
1772 2999 1906 3060 ἀλλ’

296 3089 615 3166 ἠπιστέατο
656 3092 748 3151 ἐπὶ
788 3091 1037 3168 διαβολῇ
1092 3092 1264 3148 εἰπεῖν
1311 3089 1636 3166 Καμβύσεα
1674 3087 1746 3147 ταῖ
1787 3087 1909 3146 εἶπε

298 3181 435 3255 περὶ
458 3185 560 3239 τοῦ
588 3179 858 3256 Σμέρδιος
892 3177 1205 3247 Oavofrov‚⁹
1179 3202 1268 3237 ινα
1308 3203 1363 3236 οι
1402 3175 1768 3254 ἐκπολεμωθῇ
1793 3178 1910 3234 πᾶν

298 3265 371 3327 τὰ
398 3266 701 3391 Πιεςσικόν·
744 3291 897 3327 ουτοι
922 3265 1029 3342 μέν
1060 3290 1158 3326 νυν
1195 3263 1506 3346 ἠπιστέατο
1537 3262 1776 3341 Σμέρδιν
1805 3260 1908 3323 τᾶν
