2250 3500
363 146 581 211 53—55]
1034 148 1302 199 οΑΛΕῙΛ.
1865 146 1963 200 22⁷

358 226 547 303 ραννὶς
583 228 779 304 χρῆμα
819 224 1136 302 σφαλερόν·
1177 227 1390 286 πολλοὶ
1428 226 1490 287 δὲ
1519 226 1692 303 αὐτῆς
1729 226 1969 304 ἐρασταί

360 316 489 383 εἰσι,
516 313 549 374 ὁ
590 314 651 373 δὲ
684 314 860 395 γέρων
883 339 946 372 τε
978 312 1085 389 ἤδη
1128 314 1220 372 καὶ
1245 315 1604 391 παρηβηκώς·
1645 341 1726 392 μη
1761 314 1864 392 δῷς
1891 338 1964 373 τα

359 405 607 462 σεωυτοῦ
633 401 823 483 α’γαθα
849 400 1138 462 moun-'⁵
1176 400 1346 479 ημὲν
1370 402 1438 477 δή
1464 402 1538 462 τά
1550 401 1963 511 ἐπαγωγότατα

358 489 691 569 διδαχθεῖσα
730 488 839 550 υπὸ
880 494 981 549 τοῦ
1019 514 1232 565 πατρος
1266 490 1425 570 ἔλεγε
1456 489 1599 565 πρός
1622 489 1806 558 αὐτόν,
1835 488 1866 548 ὁ
1903 488 1965 549 δὲ

356 576 794 655 ὖποκρινάμενος
820 578 930 653 ἔφη
958 571 1176 653 οὐδαμοὶ
1201 576 1408 653 ἥξειν’
1381 603 1437 640 ες
1456 576 1788 653 Κόρινθον”
1761 575 1875 635 εστ’
1895 602 1964 636 αν

356 664 703 741 πυνθάνηται
728 664 1023 742 περιεόντα
1046 665 1148 725 τᾶν
1171 666 1408 741 πατέρα·
1449 663 1876 746 ἀπαγγειλάσης
1903 665 1962 723 δὲ

355 752 561 827 ταύτης
594 756 771 811 ταῦτα
807 750 873 811 τό
910 752 1099 829 τρίτον
1133 752 1475 830 Περίανδρος
1501 751 1710 828 κήρυκα
1736 752 1960 827 πέμπει,

357 838 711 916 βουλόμενος
744 838 910 903 αὖτός
934 842 1039 916 μὲν
1066 844 1122 902 ἐς
1148 841 1440 918 Κέρκυραν
1463 838 1633 915 ἥκειν,
1664 844 1871 898 ἐκεῖνον
1902 839 1962 898 δὲ

360 927 576 986 ἐκέλευε
616 932 674 990 ἐς
715 926 996 1003 Κόρινθον
1035 926 1374 1005 α’πικόμενον
1406 927 1670 1007 διάδοχον
1701 927 1961 1009 γίνεσθαι

358 1018 459 1089 Τῆς
498 1016 834 1093 τυραννίδος·
888 1017 1319 1080 καταινέσαντος
1359 1014 1406 1075 δ’
1437 1016 1530 1077 ἐπὶ
1567 1015 1820 1076 τούτοισι
1857 1019 1959 1075 τοῦ

357 1101 571 1173 παιδὸς,
588 1102 621 1163 ὅ
645 1106 751 1179 μὲν
766 1104 1109 1181 Περίανδρος
1131 1105 1436 1164 ἐστέλλετο
1464 1108 1519 1168 ἐς
1543 1103 1648 1179 τήν
1668 1106 1960 1181 Κέρκυραν

360 1188 393 1248 ὅ
424 1189 483 1249 δὲ
520 1194 654 1254 παῖς
692 1194 747 1251 οἶ
784 1196 839 1255 ἐς
871 1191 977 1268 τὴν
1014 1190 1313 1267 Κόρινθον·
1354 1192 1625 1268 μαθόντες
1649 1192 1709 1251 δὲ
1735 1195 1790 1251 οἱ
1816 1198 1958 1269 Κερ-

358 1280 573 1353 κυραῖοι
611 1278 821 1338 τούτων
863 1280 1089 1350 ἕκαστα,
1135 1279 1225 1338 ἴνα
1262 1278 1344 1355 μή
1384 1285 1497 1354 σφι
1537 1279 1879 1355 Περίανδρος
1905 1284 1961 1341 ἐς

356 1363 462 1439 τήν
494 1365 683 1444 χώρην
708 1365 975 1441 ἀπίκηται
1008 1366 1288 1426 κτείνουσι
1323 1364 1422 1425 τόν
1447 1366 1756 1441 νεηνίσκον.
1838 1366 1961 1425 οἷντὶ

355 1451 562 1513 τούτων
586 1456 691 1530 μὲν
717 1453 1060 1531 Περίανδρος
1086 1454 1463 1530 Κερκυραίους
1489 1453 1826 1529 ἐτιμωρέετο.

437 1541 868 1618 Λακεδαιμόνιοι
895 1541 955 1600 δὲ
980 1540 1172 1619 στόλῳ
1191 1539 1419 1621 μεγάλω
1440 1565 1510 1603 ως
1531 1538 1812 1609 ἀπίκοντο,
1836 1544 1960 1599 ε’πο-
1977 1543 2054 1599 54

357 1628 614 1705 λιόρκεον
648 1629 859 1706 Σάμον·
926 1627 1363 1706 προσβαλόντες
1399 1628 1459 1688 δε
1493 1654 1634 1705 προς
1671 1654 1739 1689 το
1773 1631 1960 1708 τεῖχος

356 1720 457 1776 τοῦ
502 1718 607 1796 μὲν
648 1716 791 1796 πρός
834 1716 1105 1797 θαλάσσῃ
1149 1720 1418 1781 ἑστεῶτος
1455 1716 1672 1798 πύργου
1714 1743 1854 1777 κατα
1894 1743 1959 1777 το

358 1805 697 1881 προάστειον
727 1810 828 1883 τῆς
863 1805 1065 1869 πόλιος
1088 1805 1474 1884 ὖπερέβησαν·
1516 1805 1660 1883 μετὰ
1685 1807 1762 1877 δὲ,
1790 1805 1962 1866 αὐτοῦ

357 1892 755 1970 βοηθήσαντος
781 1892 1178 1971 Πολυκράτεος
1207 1894 1354 1972 χειρὶ
1383 1899 1596 1972 πολλῇ,
1626 1894 1958 1970 άπηλάσθη·

360 2005 491 2041 σαν·
534 1981 675 2041 κατὰ
710 1983 769 2041 δὲ
799 1980 899 2041 τὸν
937 1981 1119 2040 ἐπάνω
1152 1981 1368 2060 πύργον
1393 1981 1492 2040 τὸν
1518 1982 1611 2038 ἐπὶ
1641 1985 1743 2056 τῆς
1767 1982 1963 2059 ῥάχιος

358 2073 475 2128 τοῧ-
500 2068 688 2145 οὔρεος
730 2068 977 2140 ἐπεόντα,
1021 2068 1334 2143 ἐπεξῆλθον
1367 2068 1427 2127 οἵ
1456 2092 1517 2125 τε
1555 2069 1835 2144 ἐπίκουροι
1870 2069 1962 2128 καὶ

360 2155 540 2217 αὐτῶν
566 2158 789 2234 Σαμίων
821 2157 1039 2236 συχνοὶ,
1066 2153 1356 2231 δεξάμενοι
1381 2154 1440 2213 δὲ
1465 2154 1594 2217 τοῦς
1618 2155 1962 2232 Λακεδαιμο-

358 2244 506 2307 νίους
545 2243 630 2305 ἐπ’
663 2244 861 2325 ὀλίγον
899 2243 1103 2323 χρόνον
1145 2244 1383 2323 ἔφευγον
1423 2241 1626 2302 ὀπίσω·
1669 2245 1722 2302 οἱ
1759 2243 1816 2301 δὲ
1849 2248 1963 2302 ἐπι-

359 2332 635 2409 σπόμενοι
671 2335 929 2392 ἔκτεινον.
994 2335 1067 2391 Εἰ
1098 2331 1204 2408 μέν
1235 2357 1330 2392 νυν
1366 2333 1420 2391 οἶ
1455 2331 1752 2408 παρεόντες
1787 2338 1962 2390 Λακε-
1979 2335 2056 2392 55

359 2418 712 2497 δαιμονίων
681 2423 865 2497 ομοῖοι
893 2420 1146 2500 ἐγένοντο
1172 2419 1380 2496 ταύτην
1403 2420 1508 2496 τήν
1525 2418 1737 2497 ἡμέρην
1761 2419 1961 2500 Ἀρχίῃ

355 2532 419 2567 τε
459 2508 551 2567 καὶ
586 2507 847 2587 Λυκωπῃ,
882 2506 1142 2584 αἱρέθη*
1106 2533 1177 2567 αν
1209 2508 1416 2584 Σάμος·
1457 2508 1686 2588 Ἀρχίης
1725 2535 1835 2590 γαρ
1870 2509 1962 2567 καὶ

356 2596 630 2672 Λυκώπης
660 2601 858 2673 μοῦνοι
890 2595 1338 2659 συνεσπεσόντες
1371 2595 1648 2677 φεύγουσι
1683 2601 1739 2659 ἐς
1761 2596 1828 2656 τό
1855 2600 1961 2655 τεῖ-

356 2708 461 2761 χος
497 2688 652 2745 τοῖσι
692 2684 961 2761 Σαμίοισι
994 2685 1086 2742 καὶ
1124 2682 1600 2759 α’,ποκληῖσθέντες
1638 2686 1740 2757 τῆς
1778 2682 1961 2742 ὀπίσω

358 2771 508 2843 ὁδοῦ,
534 2771 815 2833 ἀπέθανον
841 2777 900 2832 ἐν
924 2775 997 2850 τῇ
1023 2771 1162 2831 πόλι
1185 2775 1260 2850 τῇ
1285 2771 1528 2846 Σαμίων.
1584 2769 1751 2848 τρίτῳ
1777 2769 1836 2827 δὲ
1863 2769 1956 2828 ἀπ’

356 2859 593 2940 Ἀρχίεω
632 2859 834 2920 τούτου
874 2858 1131 2941 γεγονότι
1171 2857 1330 2936 ἄλλῳ
1367 2856 1585 2934 Ἀρχίῃ,
1626 2859 1704 2934 τῷ
1744 2856 1959 2932 Σαμίου

355 2953 457 3008 τοῦ
494 2948 747 3027 Ἀρχίεω,
783 2945 951 3010 affrae
984 2952 1042 3006 ε’ν
1074 2945 1297 3022 Πιτάνῃ
1331 2942 1720 3025 συνεγενόμην,
1757 2943 1961 3022 (δήμου

356 3036 467 3115 γάρ
497 3035 699 3097 τούτου
730 3033 843 3116 ἤν,)
873 3034 935 3098 ὃς
968 3035 1158 3104 ξείνων
1182 3031 1405 3092 πάντων
1429 3031 1684 3108 μάλιστα
1713 3031 1874 3108 ἐτίμα
1899 3057 1964 3092 τε

358 3125 619 3202 Σαμίους,
650 3125 747 3182 καί
774 3127 829 3184 οἱ
854 3127 930 3202 τῷ
955 3124 1125 3200 πατρὶ
1155 3123 1264 3197 ἔφη
1299 3119 1515 3196 Σάμιον
1538 3118 1782 3196 τοῦνομα
1803 3121 1964 3196 τεθῆ-

357 3238 451 3274 ναι
477 3213 565 3273 ὅτι
592 3216 646 3272 οἱ
672 3213 703 3272 ὁ
730 3211 916 3288 πατὴρ
942 3209 1174 3292 ᾏρχίης
1203 3214 1260 3268 ἐν
1288 3208 1459 3288 Σάμῳ
1487 3205 1826 3285 α’ριστεύσας
1850 3212 1963 3268 ε’τε-

356 3299 623 3378 λεύτησε·
651 3304 819 3379 τιμᾶν
846 3299 907 3357 δὲ
932 3298 1178 3374 Σαμίους
1205 3297 1330 3374 ἔφη,
1349 3296 1488 3357 διότι
1513 3297 1767 3373 ταφῆναί
1787 3298 1840 3356 οἱ
1863 3294 1965 3357 τὸν
