2250 3500
323 161 422 209 102
937 157 1308 207 ‘HPOAo'l'o'r
1854 155 1927 220 [Ι.

227 239 348 300 205
413 235 536 297 Ἠν
562 236 638 307 δὲ,
665 240 766 297 τοῦ
793 234 990 315 ἅνδρός
1027 236 1425 308 ἀποθανόντος,
1456 235 1597 317 ’γυνὴ
1622 238 1734 296 τῶν
1758 241 1931 296 Μασ-

323 325 606 404 σαγετέων
627 325 924 399 βασίλεια·
965 322 1207 402 Τόμυρίς
1232 326 1286 383 οἳ
1316 322 1389 400 ἦν
1416 323 1639 400 οὕνομα.
1722 323 1933 400 ταύτην

323 412 558 489 πέμπων
583 411 615 472 6
642 416 829 488 Κῦρος
855 415 1059 489 ἐμνᾶτο
1083 417 1161 491 τῷ
1186 410 1355 493 λόγῳ,
1387 413 1563 473 θέλων
1598 415 1836 493 γυναῖκα
1860 410 1934 488 ἢν

327 500 489 580 ἔχειν·
529 500 568 577 ἦ
594 501 654 560 δὲ
679 501 921 578 Τόμυρις
961 505 1219 560 συνιεῖσα
1246 499 1347 560 οὔκ
1375 499 1548 576 αὖτήν
1578 525 1677 577 μιν
1715 498 1933 577 μνώμε-

325 613 440 660 νον,
480 587 635 648 α’λλοὶ
661 587 778 666 τὴν
809 588 1236 670 Μασσαγετέων
1256 588 1609 698 βασιληιην,
1654 585 1935 648 ἀπείπατο

324 675 429 752 τήν
453 677 754 755 πρόσοδον.
837 681 1025 753 Κῦρος
1051 677 1110 735 δὲ
1136 675 1278 753 μετὰ
1301 680 1483 750 τοῦτο,
1514 675 1586 738 ὥς
1611 678 1665 734 οἱ
1690 675 1839 734 δόλω
1867 675 1935 736 οὗ

326 765 654 844 προεχώρεε,
683 763 948 826 ἐλάσας’
922 763 1014 822 επὶ
1039 763 1139 824 τόν
1167 763 1409 840 Ἀράξεα
1442 763 1690 823 ἐποιέετο
1730 768 1792 822 ἐκ
1830 769 1934 824 τοῦ

331 854 608 931 ἐμφανέος
645 852 736 912 ἐπὶ
761 851 890 914 τούς
915 851 1307 932 Μασσαγέτας
1334 851 1655 930 στρατηῒην,
1679 851 1935 933 γεφύρας

327 966 393 1001 τε
431 938 698 1020 ζευγνύων
730 940 820 998 ἐπὶ
860 942 961 1000 τοῦ
999 944 1257 1018 ποταμοῦ
1298 939 1567 1016 διάβασιν
1590 943 1668 1017 τῷ
1692 945 1933 1020 στρατῷ,

335 1028 428 1087 καὶ
467 1027 713 1108 πύργους
754 1027 846 1086 ἐπὶ
880 1027 1094 1088 πλοίων
1132 1031 1243 1089 τῶν
1283 1026 1797 1105 διαπορθμευόντων
1834 1028 1936 1088 τὸν

239 1117 353 1176 206
371 1113 627 1191 ποταμόν
673 1113 1147 1193 οἰκοδομεόμενος.
1232 1115 1465 1195 Ἔχοντι
1518 1115 1581 1174 δέ
1630 1118 1685 1174 οἱ
1710 1135 1714 1139 ·
1735 1119 1937 1176 τοῦτον

335 1195 434 1256 τόν
456 1195 645 1267 πόνον,
672 1196 951 1274 πέμψασα
987 1195 1026 1273 ἦ
1064 1195 1308 1274 Τόμυρις
1332 1195 1543 1272 κήρυκα
1584 1195 1743 1276 ἔλεγε
1780 1196 1938 1256 τάδε·

349 1282 423 1342 ’ὦ
462 1285 714 1359 βασιλεῦ
740 1283 966 1358 Μήδων,
1006 1287 1225 1344 παῦσαι
1250 1283 1505 1344 σπεύδων
1542 1282 1616 1343 τοὶ
1656 1283 1934 1348 σπεύδεις·

339 1363 405 1424 οὗ
454 1390 565 1467 γαρ
625 1363 695 1426 ἂν
746 1365 942 1441 εἰδείης
987 1366 1037 1424 εἴ
1077 1389 1169 1425 τοι
1214 1369 1270 1427 ἐς
1313 1365 1505 1442 καιρόν
1550 1390 1710 1424 εσται
1758 1370 1937 1426 ταῦτα

333 1445 655 1525 τελεύμενα·
695 1446 1052 1524 παυσάμενος
1093 1445 1170 1522 δε,
1216 1447 1495 1522 βασίλευε
1534 1450 1647 1506 τῶν
1688 1451 1937 1508 σεωυτοῦ

335 1535 429 1594 καὶ
451 1534 626 1612 ἧμέας
651 1534 850 1615 οἷνέχευ
877 1535 1047 1612 ὁρέων
1075 1533 1350 1614 ἄρχοντας
1386 1559 1498 1595 των
1534 1559 1641 1611 περ
1669 1560 1936 1614 αρχομεν.

338 1622 510 1683 οὔκων
537 1621 826 1698 ἐθελήσεις
863 1620 1185 1700 υποθήκῃσι
1224 1621 1421 1699 τῇσίδε
1459 1622 1745 1701 χρέεσθαι,
1780 1622 1938 1683 ἀλλὰ

337 1709 522 1770 πάντα
544 1712 772 1787 μᾶλλον
795 1707 832 1785 ἢ
860 1707 928 1769 δι’
952 1707 1194 1788 ἡσυχίης
1220 1708 1382 1779 εῒναι;
1428 1710 1502 1771 σύ
1530 1709 1591 1769 δὲ
1610 1712 1658 1769 εἰ
1681 1710 1941 1791 μεγάλως

339 1797 650 1874 προθυμέαι
675 1796 1102 1878 Μασσαγετέων
1140 1798 1487 1875 πειρηθῆναι,
1528 1798 1682 1875 φέρε,
1722 1798 1943 1878 μόχθον

337 1887 443 1963 μὲν
485 1882 586 1946 τόν
633 1885 776 1964 ἔχεις
819 1884 1043 1966 ζευγνῦς
1084 1884 1187 1945 τὸν
1229 1884 1486 1962 ποταμὸν
1530 1884 1687 1961 ἄφες,
1734 1886 1810 1946 σι)
1861 1886 1941 1959 δὲ,

337 1972 524 2051 ἡμέων
549 1972 1029 2053 ἀναχωρησάντων
1053 1972 1168 2034 dm?
1207 1977 1309 2034 τοῦ
1334 1977 1593 2052 ποταμοῦ
1617 1977 1784 2052 τριῶν
1809 1974 1944 2053 ἦμε-

339 2062 478 2140 ρέων
519 2061 664 2134 ὄδὸν,
709 2062 964 2139 διάβαινε
1010 2067 1066 2127 ἐς
1105 2062 1211 2139 τήν
1254 2060 1547 2139 ἡμετέρην·
1590 2066 1640 2122 εἰ
1680 2062 1727 2121 δ’
1766 2062 1945 2140 ’ἡμέας

342 2150 584 2228 βούλεαι
626 2152 965 2223 ἐσδέξασθαι
1009 2156 1240 2230 μᾶλλον
1288 2155 1344 2213 ἐς
1387 2148 1491 2225 τήν
1534 2149 1825 2229 ὖμετέρην·
1867 2152 1945 2211 σύ

343 2239 520 2301 τῶυτό
540 2246 706 2301 τοῦτο
730 2240 935 2301 ποίεε.”
989 2244 1166 2301 ταῦτα
1182 2238 1241 2298 δὲ
1256 2236 1547 2301 οἷκούσαςό
1571 2243 1760 2317 Κῦρος
1786 2265 1944 2300 συνε-

345 2327 554 2387 κάλεσε
568 2328 838 2404 Περσέων
850 2326 980 2391 τοῦς
994 2326 1262 2403 πρώτους,
1281 2327 1611 2407 συναγείρας
1630 2327 1690 2386 δὲ
1716 2326 1946 2391 τούτους

345 2419 400 2477 ἐς
436 2414 618 2489 μέσον
664 2419 778 2490 σφι
819 2414 1107 2490 προετίθεε
1148 2413 1214 2474 τὸ
1258 2417 1510 2495 πρῆγμα,
1554 2414 1944 2492 συμβουλευό-

347 2525 512 2578 μενος
537 2498 769 2576 ὁκότερα
793 2501 974 2580 ποιέῃ·
1014 2504 1127 2562 τῶν
1166 2500 1226 2561 δὲ
1266 2502 1407 2561 κατὰ
1440 2501 1617 2563 τῶυτό
1644 2505 1702 2563 αἶ
1726 2506 1947 2584 γνῶμαι

344 2587 746 2658 συνεξέπιπτον
785 2588 1118 2651 κελευόντων
1144 2590 1477 2651 ἐσδέκεσθαι
1498 2590 1743 2669 Τόμυρίν
1764 2616 1829 2651 τε
1854 2592 1950 2651 καὶ

250 2680 366 2739 207
385 2703 483 2739 τον
533 2702 779 2755 στρατον
831 2677 1002 2755 αὐτῆς
1055 2683 1111 2743 ἐς
1166 2678 1271 2755 τήν
1321 2677 1523 2759 χώρην.
1605 2676 1845 2758 Παρεων
1888 2679 1950 2739 δὲ

345 2791 438 2826 και
460 2765 822 2844 μεμφόμενος
845 2792 951 2843 την
973 2765 1201 2877 γνώμην
1237 2764 1445 2843 ταύτην
1471 2768 1723 2845 Κροῖσος
1763 2765 1797 2827 6
1836 2772 1948 2827 Λυ-

304 2933 308 2937 Ἷ
345 2853 457 2923 δὸς,
509 2853 864 2915 ἀπεδείκνυτο
920 2855 1170 2931 ἐναντίην
1225 2857 1298 2933 τῇ
1362 2854 1698 2933 προκειμένῃ
1753 2853 1950 2936 γνώμῃ

347 2942 530 3022 λέγων
562 2940 713 3001 τάδε·
755 2951 792 2977 “
809 2940 852 3001 ὦ
891 2943 1159 3017 βασιλεῦ,
1207 2940 1363 3001 ειπον
1396 2967 1505 3017 μεν
1546 2943 1638 3001 καὶ
1676 2942 1951 3020 πρότερόν

347 3052 437 3086 τοι
462 3027 548 3088 ὅτι
576 3030 702 3088 ἐπεί
719 3054 791 3106 με
812 3028 945 3091 Ζευς
963 3028 1128 3087 εδωκέ
1150 3052 1254 3097 τοι,
1270 3026 1337 3086 τό
1366 3053 1434 3087 αν
1460 3027 1571 3105 ὄρω
1592 3029 1884 3106 σφάλμα’
1858 3030 1953 3092 εόν

351 3114 482 3192 οἴκῳ
520 3120 598 3193 τῷ
649 3120 735 3195 σῷ
779 3114 920 3176 κατοὶ
965 3113 1197 3190 δύναμιν
1238 3112 1594 3193 ἀποτρέψειν·
1634 3116 1707 3177 τοὶ
1752 3118 1853 3177 δέ
1850 3144 1955 3196 μοι

349 3173 710 3276 παθήμάτα’
685 3200 846 3262 εόντα
871 3199 1111 3278 ἀχάριτα
1131 3198 1439 3275 μαθήματα
1461 3202 1706 3283 γεγόνεε.
1776 3209 1825 3265 εἰ
1847 3208 1959 3284 μὲν

351 3280 626 3347 ἀθάνατος
657 3285 943 3348 δοκέεις’
888 3310 1028 3345 ειναι
1053 3286 1147 3343 καὶ
1173 3289 1443 3364 στρατιῆς
1469 3289 1730 3366 τοιαύτης
1759 3290 1957 3371 αρχειν
