2250 3500
336 114 415 174 79,
442 112 531 178 ιο]
1006 115 1276 165 emm.
1839 118 1936 167 241

319 191 613 270 ,εὕρω-κον·
655 196 707 252 εἰ
738 192 799 252 δὲ
831 192 913 270 μὴ
947 192 1050 263 νύξ
1088 194 1479 253 ἐπελθοῦσα”
1449 218 1603 273 εσχε,
1637 192 1906 255 ἔλιπον
1869 218 1941 255 αν

336 278 534 340 σῦδένα
584 280 807 360 Μάγον.
886 280 1093 356 ταύτην
1146 281 1250 356 τήν
1298 280 1513 357 ήμέρην
1569 281 1940 359 θεραπεύουσι

336 368 561 445 Πέρσαι
601 372 757 445 κοινῇ
794 367 1052 445 μάλιστα
1089 372 1202 427 τῶν
1241 366 1508 443 ἡμερέων·
1563 370 1656 427 καὶ
1697 374 1756 431 ἐν
1796 368 1938 449 αὐτῇ

334 453 505 532 ὁρτήν
542 455 798 567 μεγάλην
824 454 1113 536 ἀνάγουσι,
1140 454 1180 531 ἥ
1218 454 1485 531 κέκληται
1517 453 1628 515 ὕπο
1669 457 1937 533 Περσέων

335 542 698 623 Μαγοφόνια·
740 548 799 603 ἐν
823 546 895 621 τῇ
921 542 1125 623 Μάγον
1157 542 1354 603 οὐδένα
1389 543 1574 612 ἔξεστι
1611 549 1856 619 φανῆναι
1881 550 1938 610 ἐς

333 630 401 690 τό
438 634 573 705 φῶς,
604 629 762 691 α’λλά
788 629 906 690 κατ’
936 630 1118 695 οἴκους
1155 630 1385 695 ἑωυτούς
1421 633 1476 691 οῖ
1506 629 1703 712 Μάγοι
1745 633 1939 711 ἔχουσι

333 716 437 793 τὴν
462 717 676 795 ἡμέρην
700 717 925 794 ταύτην.

414 803 579 864 Ἐπεί
583 824 589 829 ·
609 831 674 866 τε
714 806 774 865 δὲ
814 807 1059 883 κατέστη
1090 806 1124 867 ὅ
1158 806 1404 884 θόρυβος
1443 804 1537 866 καὶ
1576 805 1734 870 ἐκτός
1771 806 1937 867 πέντε
1955 810 2032 868 80

334 891 583 969 ἡμερέων
606 894 842 974 ἐγένετο,
870 893 1242 970 ἐβουλεύοντο
1269 897 1324 954 οἱ
1350 893 1762 958 ἐπαναστάντες
1784 897 1939 955 τοῖσι

335 979 596 1061 Μάγοισι
628 982 757 1057 περὶ
786 985 897 1042 τῶν
930 981 1272 1063 πρηγμάτων
1299 981 1540 1045 πάντων·
1583 983 1678 1043 καὶ
1707 982 1938 1062 ἐλέχθη-

335 1092 448 1127 σαν
447 1067 637 1179 9’λόγοι
662 1067 896 1137 ἄπιστοι
918 1071 1023 1147 μὲν
1049 1070 1250 1131 ἐνίοισι
1281 1068 1590 1146 Ἑλλήνων,
1619 1071 1941 1149 ἐλέχθησαν

336 1153 385 1214 δ’
435 1154 529 1216 ὧν.
608 1154 848 1232 Ὀτάνης
898 1160 1002 1234 μὲν
1054 1158 1274 1217 ἐκέλευε
1327 1161 1385 1221 ἐς
1433 1159 1616 1233 μέσον
1669 1158 1938 1237 Πέρσῃσι

337 1244 657 1304 καταθεῖναι
678 1243 753 1305 τοὶ
778 1244 1099 1351 πρήγματα,
1134 1245 1316 1325 λέγων
1348 1244 1498 1306 τάδε·
1540 1250 1622 1281 “’
1595 1244 1718 1321 εμοὶ
1744 1246 1938 1316 δοκέει,

338 1330 433 1390 ἕνα
455 1333 559 1407 μὲν
577 1330 763 1407 ήμέων
787 1330 1109 1411 μούναρχον
1127 1332 1328 1409 μηκέτι
1349 1332 1634 1412 γενεσθαι·
1677 1330 1802 1391 οὔτε
1825 1358 1938 1412 γαρ

334 1416 438 1492 ἦδυ
481 1417 607 1479 οὔτε
646 1418 880 1499 αγαθόν·
960 1418 1132 1478 εἴδετε
1167 1443 1274 1496 μεν
1311 1419 1421 1500 γὰρ
1461 1443 1564 1495 την
1605 1419 1940 1494 Καμβύσεω

336 1503 505 1583 ὕβριν
543 1505 629 1566 ἐπ’
668 1506 809 1567 ὅσον
850 1506 1141 1583 ἐπεῆλθε,
1181 1505 1568 1585 μετεσχήκατε
1608 1506 1668 1565 δὲ
1709 1506 1802 1564 καὶ
1840 1509 1942 1581 τῆς

334 1597 436 1653 τοῦ
468 1593 677 1674 Μάγου
711 1593 931 1673 ὕβριος.
1015 1598 1121 1658 κῶς
1157 1592 1203 1653 δ’
1231 1591 1300 1655 ἂν
1326 1594 1412 1669 εἴη
1442 1596 1638 1673 χρῆμα
1673 1618 1940 1670 κατηρτη-

335 1681 505 1758 μένον
554 1683 885 1762 μουναρχίη,
936 1685 1009 1761 τῇ
1063 1682 1250 1753 ἔξεστι
1303 1679 1580 1762 ἅνευθύνω
1611 1682 1833 1741 ποιέειν
1868 1706 1944 1741 τα

334 1769 641 1878 βούλεται·
626 1816 643 1840 ,
686 1771 779 1830 καὶ
802 1768 915 1851 γοὶρ
948 1796 1016 1830 αν
1050 1770 1151 1831 τᾶν
1186 1795 1422 1848 αριστον
1447 1769 1662 1847 ἀνδρῶν
1699 1769 1936 1844 πάντων,

337 1856 553 1920 στάντα
599 1863 655 1922 ἐς
705 1856 914 1934 ταύτην
963 1855 1068 1932 τήν
1108 1857 1336 1936 ἀρχὴν,
1347 1857 1502 1921 ἐκτός
1541 1861 1653 1917 τῶν
1691 1856 1940 1917 ἐωθότων

331 1944 626 2022 νοημάτων
666 1944 917 2021 στήσειε·
961 1946 1238 2024 ἐγγίνεται
1265 1947 1370 2020 μὲν
1405 1944 1516 2025 γάρ
1548 1947 1602 2003 οἱ
1633 1943 1860 2021 ὕβρις
1826 1970 1938 2004 υπο

336 2035 446 2091 τῶν
464 2031 779 2110 παρεόντων
804 2031 1046 2113 ἀγαθῶν,
1070 2031 1280 2106 φθόνος
1307 2026 1366 2091 δὲ
1393 2030 1642 2109 ἀρχῆθεν
1669 2030 1942 2106 ἐμφύεται

337 2117 637 2200 άνθρῶπῳξ
668 2119 765 2179 δύο
802 2119 847 2179 δ’
875 2119 1015 2199 ἔχων
1044 2121 1238 2188 ταῦτα,
1267 2118 1382 2198 ἔχει
1414 2120 1610 2177 πᾶσαν
1637 2116 1938 2192 κακότητα·

332 2207 409 2267 τοὶ
430 2211 535 2284 μὲν
558 2208 669 2290 γὰρ
703 2207 845 2286 ὕβρι
882 2206 1248 2284 κεκορημένος
1289 2205 1432 2284 ἔρδει
1465 2203 1660 2264 πολλοὶ
1689 2204 1780 2264 καὶ
1801 2203 1938 2266 drot-

336 2297 547 2366 σθαλα,
600 2295 671 2356 τοὶ
725 2297 784 2356 δὲ
826 2295 1033 2374 φθάνω.
1118 2295 1301 2354 καίτοι
1352 2293 1526 2371 ανδρα
1568 2318 1638 2374 γε
1673 2291 1940 2370 τύραννον

336 2381 589 2458 αφθονον
619 2384 726 2444 εδει
762 2383 917 2454 εἶναι,
958 2381 1159 2470 ἔχοντά
1189 2409 1261 2464 γε
1297 2381 1481 2443 πάντα
1519 2407 1593 2442 τα
1623 2378 1828 2462 αγαθά·
1869 2406 1936 2442 το

336 2470 385 2530 δ’
436 2471 761 2532 ὑπεναντίον
818 2472 1017 2532 τούτου
1076 2476 1134 2534 ἐς
1191 2497 1324 2535 τους
1373 2468 1650 2546 πολιήτας
1699 2470 1936 2544 πέφυκε·

336 2558 563 2634 φθονέει
580 2585 692 2640 γαρ
716 2562 870 2620 τοῖσι
888 2558 1176 2636 αρίστοισι
1200 2559 1494 2636 περιεοῦσί
1512 2583 1575 2618 τε
1603 2557 1696 2616 καὶ
1716 2557 1938 2628 ζώουσι,

334 2647 519 2724 χαίρει
549 2646 609 2706 δὲ
642 2651 797 2708 τοῖσι
829 2647 1153 2707 κακίστοισι
1188 2649 1300 2706 τῶν
1340 2645 1547 2714 οἰστῶν,
1576 2643 1854 2718 διαβολὰς
1877 2643 1938 2702 δὲ

335 2758 568 2811 αριστος
620 2734 960 2796 ἐνδέκεσθαι.
1040 2732 1534 2810 οἷναρμοστότατος
1583 2731 1644 2789 δὲ
1696 2729 1935 2790 πάντων·

334 2819 407 2896 ἦν
432 2846 499 2881 τε
524 2820 637 2902 γάρ
679 2847 848 2882 αυτον
885 2821 1119 2899 μετρίως
1146 2819 1452 2897 θωυμάζῃς,
1489 2813 1785 2895 αχθε·1·α.ι““ν
1753 2841 1840 2876 οτι
1870 2840 1936 2874 ου

336 2905 517 2985 κάρτα
582 2908 963 2985 θεραπεύεται·
1042 2906 1115 2984 ἤν
1165 2931 1228 2967 τε
1282 2904 1558 2983 θεραπεύῃ
1607 2928 1693 2966 τις
1743 2901 1936 2979 κάρτα,

336 2993 571 3074 ἄχθεται
632 2995 733 3058 ἅτε
786 2995 951 3056 θωπί.
1030 2994 1104 3055 τοὶ
1159 2993 1220 3052 δὲ
1271 2992 1339 3068 δή
1393 2992 1638 3073 μέγιστα
1700 2991 1936 3068 ἔρχομαι

338 3083 522 3160 ἐρέων·
564 3082 769 3162 νόμαιά
792 3109 853 3143 τε
887 3086 1027 3143 κινεῖ
1058 3081 1283 3159 πάτρια,
1313 3080 1404 3138 καὶ
1433 3081 1632 3156 βιᾶται
1657 3079 1938 3158 γυναῖκας,

338 3169 535 3232 κτείνει
572 3197 637 3232 τε
675 3171 949 3249 οἷκρίτους.
1029 3168 1252 3244 πλῆθος
1291 3165 1351 3226 δὲ
1392 3165 1567 3243 α”ρχον
1599 3168 1792 3240 πρῶτα
1829 3164 1933 3237 μὲν

338 3255 551 3335 οὕνομα
615 3259 838 3320 πάντων
907 3255 1224 3315 κάλλιστον
1278 3255 1392 3332 ἔχει
1443 3252 1941 3316 ἸΣΟΝΟΜΙΗΝ·

1940 2894 1968 2916 0
