2250 3500
337 155 402 202 28
949 155 1313 205 ‘HPOAOTOT
1860 151 1930 218 [1.

337 229 705 308 ἀτιμάζεσθαι
738 230 879 309 πρός
912 230 1350 308 Πεισιστράτου·
1390 228 1535 312 ὀργῇ
1575 230 1651 301 δὲ,
1690 229 1761 293 οἷς
1797 229 1932 309 εἶχε,

339 317 774 380 καταλλάσσετο
797 318 900 395 τὴν
921 319 1124 398 ἔχθρην
1142 322 1295 379 τοῖσι
1315 317 1688 396 στασιώτῃσι.
1738 317 1935 394 μαθων

339 405 400 464 δὲ
437 405 472 466 ὅ
513 407 926 484 Πεισίστρατος
963 406 1036 466 τοὶ
1073 405 1373 482 ποιεύμενα
1412 404 1497 472 ἐπ’
1530 409 1719 482 ἑωυτῷ,
1752 403 1935 464 ἀπαλ-

339 492 594 554 λάσσετο
627 499 688 554 ἐκ
722 499 824 570 τῆς
859 493 1043 574 χώρης
1075 492 1143 554 τό
1180 493 1462 571 παράπαν·
1504 492 1836 569 ἀπικόμενος
1876 493 1936 552 δὲ

339 585 396 644 ἐς
417 579 702 659 Ἐρέτριαν
737 580 1072 658 ἐβουλεύετο
1105 579 1225 658 ἅμα
1255 584 1408 640 τοῖσι
1442 581 1629 640 παισί.
1708 580 1937 640 Ἱππίεω

339 667 401 728 δὲ
429 668 622 750 γνώμῃ
647 668 994 746 νικήσαντος,
1019 667 1369 730 ἀνακτᾶσθαι
1401 666 1586 727 ὀπίσω
1614 667 1718 744 τήν
1741 693 1936 745 τυραν-

337 756 476 826 νίδα,
503 757 739 818 ἐνθαῦτα
761 755 986 837 ἤγειρον
1005 754 1231 818 δωτίνας
1256 761 1317 814 ἐκ
1336 759 1445 814 τῶν
1460 755 1687 824 πολίων,
1710 755 1937 818 αἵτινές

339 851 454 921 σφι
495 844 806 922 προῃδέατο
853 842 953 902 κού
994 867 1069 902 τι·
1119 845 1352 903 πολλῶν
1392 843 1453 902 δὲ
1490 841 1714 924 μεγάλα
1758 869 1937 918 παρα-

342 931 594 1010 σχόντων
630 929 908 1009 χρήματα,
933 931 1181 1006 Θηβαῖοι
1210 928 1629 1006 ὖπερεβσῖλοντο
1664 933 1737 1010 τῇ
1780 929 1938 990 δόσεῖ

336 1023 448 1079 τιῖν
490 1017 807 1098 χρημάτων.
886 1018 1030 1095 μετοὶ
1073 1017 1151 1088 δὲ,
1199 1016 1263 1076 οὗ
1304 1021 1503 1097 πολλῷ
1546 1016 1701 1098 λόγῳ
1747 1021 1934 1089 εἰπεῖν,

337 1105 539 1184 χρόνος
564 1105 725 1181 διέφυ
745 1105 838 1164 καὶ
855 1103 1036 1169 πάντα
1062 1110 1175 1181 σφι
1200 1103 1461 1182 ἐξήρτυτο
1482 1109 1537 1168 ἐς
1560 1104 1664 1181 τὴν
1684 1102 1935 1167 κάτοδον·

341 1192 554 1275 καὶγὰρ
567 1192 810 1274 Ἀργεῖοι
822 1192 1097 1270 μισθωτοὶ
1111 1191 1379 1252 ἀπίκοντο
1392 1196 1454 1251 ἐκ
1470 1190 1935 1268 Πελοποννήσου·

339 1282 432 1341 καὶ
455 1279 666 1350 Νάξιός
689 1286 801 1356 σφι
831 1279 969 1356 ἀνὴρ
1005 1279 1306 1361 ἀπιγμένος
1339 1278 1647 1355 ἐθελοντὴς,
1671 1283 1749 1358 τῷ
1782 1278 1937 1340 οὕνο-

336 1393 420 1445 μα
442 1367 514 1444 ἣν
541 1366 842 1450 Λύγδαμις,
867 1369 1181 1446 προθυμίην
1204 1366 1481 1442 πλείστην
1503 1367 1817 1445 παρείχετο,
1845 1393 1937 1428 κο·-

245 1457 322 1516 62
338 1457 512 1533 μίσας
553 1457 644 1516 καὶ
678 1455 944 1535 χρήματα
983 1455 1074 1514 καὶ
1113 1454 1331 1532 ἄνδρας.
1411 1453 1515 1524 Ἐξ
1554 1453 1836 1532 Ἐρετρίης
1874 1455 1936 1516 δὲ

339 1543 685 1623 ὁρμηθέντες,
707 1543 798 1602 Sui
817 1542 1102 1604 ἑνδεκάτου
1129 1543 1276 1606 ἔτεος
1294 1540 1560 1602 ἀπίκοντο
1580 1539 1783 1601 ὀπίσω.
1842 1543 1936 1602 καὶ

337 1636 556 1708 πρῶτον
570 1636 672 1708 τῆς
694 1631 950 1706 Ἀττικῆς
973 1631 1209 1708 ἴσχουσι
1234 1629 1575 1706 Μαραθῶνα·
1605 1633 1663 1690 ἐν
1682 1629 1742 1688 δὲ
1759 1629 1935 1710 τούτῳ

338 1723 417 1798 τῷ
461 1718 622 1799 χώρῳ
665 1725 780 1795 σφι
823 1717 1469 1796 στρατοπεδευομένοισι,
1516 1716 1577 1777 οἷ
1615 1742 1678 1778 τε
1722 1722 1785 1778 ἐκ
1833 1722 1935 1779 τοῦ

337 1806 538 1871 ἄστεος
567 1810 878 1867 στασιῶται
907 1805 1175 1866 ἀπίκοντο
1202 1804 1375 1867 ἄλλοι
1408 1830 1473 1865 τε
1508 1810 1569 1865 ἐκ
1603 1810 1715 1866 τῶν
1746 1800 1935 1883 δήμων

337 1896 682 1973 προσέρρεον
715 1894 832 1954 οἷσι
869 1893 909 1971 ἦ
946 1894 1198 1971 τυραννὶς
1234 1894 1345 1972 πρὸ
1379 1894 1693 1972 ἐλευθερίης
1730 1894 1801 1970 ἦν
1830 1894 1935 1955 οἷσ-

337 1983 705 2061 παστότερον.
786 1980 940 2043 οὗτοι
969 1983 1074 2059 μὲν
1103 1981 1173 2058 δὴ
1204 1982 1587 2058 συνηλίζοντο·
1628 1980 1937 2058 Ἀθηναίων

338 2072 400 2133 δὲ
435 2074 490 2132 οἱ
521 2076 580 2131 ἐκ
609 2074 712 2132 τοῦ
743 2069 961 2140 ἄστεος,
989 2070 1087 2133 ἕως
1115 2071 1222 2147 μὲν
1248 2069 1663 2146 Πεισίστρατος
1690 2068 1764 2130 τοὶ
1797 2069 1935 2148 χρή-

337 2186 490 2238 ματα
513 2159 716 2242 ἤγειρε,
738 2159 831 2220 καὶ
853 2162 1112 2237 μεταῦτις
1138 2156 1210 2222 ὥς
1236 2158 1370 2237 ἔσχε
1395 2157 1733 2235 Μαραθῶνα,
1760 2156 1936 2239 λόγον

339 2247 532 2309 οὐδένα
558 2249 729 2327 εἶχον·
763 2248 889 2307 ε’πεί
905 2272 969 2306 τε
994 2246 1055 2305 δὲ
1080 2245 1350 2306 ἐπύθοντο
1376 2250 1439 2305 ἐκ
1462 2250 1563 2305 τοῦ
1590 2246 1936 2321 Μαραθῶνος

337 2334 507 2397 αὖτὸν
539 2334 875 2412 πορεύεσθαι
915 2333 1007 2392 ἐπὶ
1043 2332 1112 2393 τὸ
1148 2330 1310 2402 ἄστυ,
1343 2330 1485 2391 οὕτω
1520 2329 1589 2406 δὴ
1625 2332 1937 2406 βοηθέουσι

338 2421 423 2483 ἐπ’
457 2420 642 2482 αὐτόν.
684 2421 777 2479 καὶ
811 2418 970 2479 οὗτοί
996 2444 1061 2479 τε
1091 2422 1443 2497 πανστρατιῇ
1468 2417 1639 2494 ἤϊσαν
1676 2418 1769 2476 ε’πὶ
1805 2419 1937 2483 τούς

340 2508 644 2571 κατιόντας·
677 2507 772 2567 καὶ
797 2508 851 2567 οἱ
874 2504 1026 2585 ἀμφὶ
1051 2505 1486 2583 Πεισίστρατον,
1510 2504 1581 2567 ὥς
1604 2504 1937 2581 ὁρμηθέντες

340 2604 402 2659 ἐκ
429 2597 773 2673 Μαραθῶνος
789 2593 962 2671 ἤϊσαν
980 2594 1073 2655 ἐπὶ
1094 2593 1163 2654 τὸ
1190 2591 1351 2663 ἄστυ,
1374 2598 1429 2657 ἐς
1452 2590 1629 2653 vdua-6
1655 2591 1937 2657 συνιόντες

339 2685 688 2746 α’πικνέονται
736 2683 828 2743 ἐπὶ
883 2681 1245 2759 Παλληνίδος
1292 2680 1590 2757 Ἀθηναίης
1652 2679 1787 2758 ἶρόν,
1843 2682 1937 2741 καὶ

289 2775 293 2780 ’
337 2773 498 2835 οἷντία
537 2772 722 2833 ἔθεντο
757 2769 833 2831 τοὶ
868 2768 1040 2831 ὅπλα·
1083 2770 1319 2831 ἐνθαῦτα
1364 2769 1485 2849 θείῃ
1504 2813 1508 2817 -
1524 2772 1728 2847 πομπῇ
1764 2768 1937 2848 χρεώ-

337 2887 504 2938 μενος
525 2861 866 2939 παρίσταται
891 2855 1288 2938 Πεισιστράτῳ
1310 2855 1661 2935 Ἀμφίλυτος
1680 2856 1713 2917 ὁ
1737 2855 1935 2933 Ἀκαρ-

337 2949 454 3021 νοὶν,
479 2946 881 3030 χρησμολόγος
915 2946 1072 3024 ἀνὴρ,
1110 2944 1173 3011 ὅς
1203 2948 1259 3005 οἱ
1291 2944 1546 3025 προσιών
1576 2948 1691 3025 χρᾷ
1724 2947 1783 3006 ἔν
1816 2943 1937 3014 ἐξα-

339 3038 520 3117 μέτρῳ
543 3035 702 3117 τόνῳ,
725 3035 858 3097 τάδε
881 3034 1080 3115 λέγων·

426 3142 681 3206 Ἒρῤιπτμι
713 3140 758 3191 δ’
789 3140 817 3191 ὁ
845 3142 1008 3204 βόλος,
1043 3140 1102 3187 τὸ
1136 3139 1189 3188 δὲ
1222 3139 1407 3189 δίκτυον
1441 3137 1822 3189 ἐκπεπέτασται·

439 3216 589 3263 θύννοι
621 3216 661 3265 δ’
697 3216 948 3275 οἰμήσουσι
979 3213 1235 3273 σεληναίης
1268 3214 1346 3262 διὰ
1366 3213 1545 3262 νυκτός.

249 3300 408 3360 63Ὀ
453 3302 554 3375 μὲν
588 3300 657 3375 δή
697 3304 751 3361 οἱ
788 3297 1053 3370 ἐνθεάζων
1085 3303 1203 3380 χρᾷ
1232 3298 1381 3361 τάδε·
1424 3298 1840 3375 Πεισίστρατος
1878 3290 1941 3353 δὲ
