2250 3500
369 137 594 204 44-46]
1031 139 1358 191 amma.
1878 139 1972 190 ιιι

369 217 514 277 κλέα
551 216 737 278 ἐόντα·
793 217 887 278 καὶ
931 217 1192 278 δοκέουσι
1238 217 1302 278 δέ
1340 243 1441 296 μοι
1485 214 1643 280 οὗτοι
1692 216 1975 295 ὀρθότατα

367 303 661 380 Ἑλλήνων
711 305 921 365 ποιέειν
971 304 1026 365 οἳ
1077 305 1201 376 διξὰ
1253 304 1563 383 Ἡράκλεια
1616 306 1973 384 ἱδρυσάμενοι

370 392 642 468 ἔκτηνται,
671 393 764 451 καὶ
795 397 874 471 τῷ
901 393 1006 469 μὲν
1033 392 1104 458 ὦς
1140 392 1395 473 άθανάτῳ
1419 393 1715 473 Ὀλυμπίῳ
1738 394 1799 454 δὲ
1836 399 1971 454 ε’πω-

367 481 568 557 νυμίην
593 479 808 550 θύουσι,
835 485 913 558 τῷ
937 481 998 540 δὲ
1023 483 1189 561 ε’τέρῳ
1210 481 1281 545 ὥς
1304 480 1442 558 ἥρωϊ
1469 483 1802 564 ἐναγίζουσι.
1863 483 1967 544 Λέ-
1984 485 2063 544 45

367 592 540 648 γουσι
565 568 626 628 δὲ
649 567 846 628 πολλὰ
866 569 958 628 καὶ
984 567 1141 629 ἅλλα
1165 568 1579 634 ἀνεπισκέπτως
1606 574 1659 630 οἶ
1673 569 1969 646 Ἕλληνες·

371 653 578 732 εὐήθης
611 655 672 716 δὲ
697 654 880 718 αὐτῶν
905 655 1000 716 καὶ
1029 656 1124 717 ὅδε
1155 656 1190 718 ὅ
1221 657 1401 734 μῦθός
1436 662 1560 719 ἔστι
1583 658 1683 718 τᾶν
1706 658 1835 736 περὶ
1867 661 1971 719 τοῦ

367 741 682 821 Ἡρακλέος
698 745 954 825 λέγουσι·
983 743 1054 808 ὥς
1074 743 1241 806 αὖτόν
1259 743 1595 821 ἀπικόμενον
1614 749 1671 810 ἐς
1685 746 1971 825 Αἴγυπτον

370 832 680 908 στέψαντες
709 834 764 890 οἱ
795 831 1108 913 Αἰγύπτιοι,
1136 831 1245 893 &aa
1278 837 1509 909 πομπῆς
1542 833 1743 914 ε’ξῆγον
1774 831 1847 898 ὥς
1877 832 1968 894 θύ-

371 943 570 983 σοντες
598 922 676 998 τῷ
703 919 818 979 Διῒ·
860 919 962 980 τὸν
986 920 1048 980 δὲ
1075 919 1211 985 τέως
1240 923 1345 997 μὲν
1368 920 1613 1000 ἡσυχίην
1644 921 1808 1001 ἔχειν·
1850 921 1971 982 ἐπεὶ

372 1005 434 1065 δὲ
463 1005 632 1067 αὐτοῦ
657 1006 798 1083 πρός
832 1010 910 1086 τῷ
939 1007 1118 1087 βωμῷ
1146 1007 1507 1088 κατάρχοντο,
1534 1013 1591 1074 ἐς
1625 1007 1807 1086 α’,λκήν
1841 1034 1971 1086 τρα-

369 1092 616 1170 πόμενον
639 1093 852 1160 πάντας
879 1095 1065 1172 σφέας
1091 1099 1529 1173 καταφονεῦσαι.
1592 1098 1717 1175 ε’μοὶ
1742 1098 1847 1174 μέν
1872 1123 1971 1158 νυν

369 1181 646 1254 δοκέουσι,
670 1186 848 1243 ταῦτα
870 1183 1147 1266 λέγοντες,
1172 1188 1275 1261 τῆς
1300 1185 1617 1266 Αἰγυπτίων
1642 1185 1849 1262 φύσιος
1874 1185 1969 1246 καὶ

370 1275 482 1330 τῶν
505 1269 690 1347 νόμων
713 1269 952 1348 πάμπαν
976 1270 1214 1349 ἀπείρως
1238 1272 1383 1350 ἔχειν
1409 1276 1463 1332 οἱ
1483 1272 1780 1348 Ἕλληνες·
1816 1277 1971 1334 τοῖσι

370 1357 482 1439 γὰρ
522 1357 648 1419 οὐδὲ
689 1357 890 1436 κτήνεα
931 1358 1064 1435 ὁσίη
1105 1358 1257 1420 θύειν
1298 1361 1437 1430 ἐστὶ,
1478 1360 1647 1438 χωρὶς
1689 1359 1834 1430 ὀΐων,
1878 1362 1969 1420 καὶ

373 1445 612 1522 ἐρσένων
634 1448 793 1523 βοῶν
819 1447 912 1507 καὶ
936 1445 1173 1525 μόσχων
1199 1445 1330 1506 ὅσοι
1352 1445 1423 1506 ἂν
1448 1446 1681 1524 καθαροὶ
1709 1447 1857 1518 ἔωσι,
1880 1449 1971 1506 καὶ

371 1538 572 1611 χηνῶν,
608 1538 712 1600 κῶς
744 1532 814 1595 ἂν
849 1533 1004 1595 οὗτοι
1039 1533 1362 1611 ἀνθρώπους
1398 1533 1615 1605 θύοιεν;
1658 1535 1738 1594 ἔτι
1774 1534 1834 1612 δὲ
1874 1534 1971 1596 ἕνα

374 1621 536 1682 ε’όντα
567 1621 668 1683 τόν
697 1621 986 1701 Ἡρακλέα
1019 1622 1110 1681 καὶ
1144 1622 1223 1682 ἔτι
1254 1620 1560 1701 ἄνθρωπον,
1590 1621 1662 1687 «εἷς
1696 1621 1767 1699 δή
1802 1628 1969 1699 φασι,

374 1713 480 1774 κῶς
508 1709 686 1787 φύσιν
711 1711 826 1791 ἔχει
848 1711 1071 1774 πολλᾶς
1095 1709 1366 1790 μυριάδας
1386 1714 1695 1785 φονεῦσαι;
1732 1712 1821 1772 καὶ
1842 1712 1971 1791 περὶ

371 1801 476 1875 μὲν
498 1798 708 1859 τούτων
727 1802 978 1860 τοσαῦτα
1003 1798 1140 1875 ἡμῖν
1158 1803 1381 1861 εἰποῦσι
1408 1802 1499 1862 καὶ
1524 1799 1678 1880 παρὰ
1702 1804 1813 1862 τῶν
1832 1802 1971 1863 θεῶν

375 1888 468 1945 καὶ
491 1886 645 1963 παρὰ
669 1891 780 1947 τῶν
801 1886 994 1963 ἤρῶων
1021 1885 1271 1963 εὐμένεια
1296 1889 1399 1964 εἴη.

454 1973 566 2038 Τὰς
591 1975 651 2057 δὲ
677 1974 746 2052 δὴ
773 1975 936 2056 αἶγας
961 1975 1054 2033 καὶ
1078 1974 1209 2039 τοῦς
1232 1974 1472 2056 τράγους
1496 1974 1668 2035 τῶνδε
1696 1976 1876 2037 εἵνεκα
1904 1972 1969 2035 οὗ
1986 1976 2065 2035 46

374 2060 574 2123 θύουσι
598 2064 914 2144 Αἰγυπτίων
941 2065 994 2123 οἰ
1022 2062 1318 2139 εἰρημένοι.
1377 2062 1478 2123 τᾶν
1502 2064 1671 2122 Πᾶνα
1694 2065 1803 2123 τῶν
1828 2061 1971 2122 ὀκτῶ

373 2150 516 2211 θεῶν
553 2151 872 2232 λογίζονται
912 2149 1052 2211 εἶναι
1092 2152 1149 2221 οἱ
1184 2148 1517 2225 Μενδήσιοι·
1556 2147 1687 2211 τούς
1725 2148 1786 2208 δὲ
1826 2147 1971 2209 dxv-03

375 2238 535 2303 θεοὺς
576 2238 804 2305 τούτους
849 2237 1153 2316 προτέρους
1197 2239 1307 2297 τῶν
1354 2234 1593 2296 δυώδεκα
1638 2236 1777 2296 θεῶν
1821 2243 1972 2313 φασι

373 2327 656 2407 γενέσθαι.
711 2326 1005 2406 γράφουσί
1019 2350 1080 2386 τε
1101 2324 1171 2401 δὴ
1188 2325 1281 2385 καὶ
1298 2324 1591 2406 γλύφουσι
1611 2326 1665 2384 οἱ
1684 2324 1971 2408 ζωγράφοι

377 2414 468 2471 καὶ
496 2418 550 2475 οἶ
574 2414 1024 2497 ἀγαλματοποιοὶ
1053 2417 1156 2475 τοῦ
1188 2412 1381 2477 Πανός
1405 2412 1695 2495 τῶγαλμα,
1725 2412 1971 2493 κατάπερ

367 2500 660 2579 Ἕλληνες,
707 2502 1141 2584 αἰγοπρόδωπον
1194 2503 1287 2563 καὶ
1336 2503 1741 2584 τραγοσκελέα·
1798 2502 1863 2565 οὔ
1914 2529 1971 2565 τι

374 2594 626 2651 τοιοῦτον
651 2592 965 2669 νομίζοντες
991 2590 1137 2651 εἶναί
1166 2616 1280 2668 μιν,
1308 2590 1438 2651 ἀλλ’
1467 2590 1663 2670 ὁμοῖον
1690 2597 1844 2654 τοῖσι
1871 2591 1970 2651 ἅλ-

375 2681 533 2738 λοισι
553 2679 754 2740 θεοῖσι·
783 2678 908 2739 ὅτευ
929 2679 990 2739 δὲ
1009 2679 1189 2739 εἵνεκα
1202 2682 1456 2739 τοιοῦτον
1472 2677 1763 2761 γράφουσι
1783 2679 1969 2750 αὖτόν,

375 2764 442 2825 οὔ
464 2792 566 2843 μοι
595 2766 750 2843 ἥδιόν
787 2772 910 2827 ἔστι
945 2766 1150 2848 λέγειν·
1192 2767 1466 2843 σέβονται
1503 2768 1563 2826 δὲ
1598 2765 1809 2829 πάντας
1842 2766 1972 2831 τούς

375 2853 537 2935 αἶγας
576 2858 630 2915 οἱ
671 2853 998 2937 Μενδήσιοι,
1031 2854 1125 2914 καὶ
1164 2858 1391 2931 μᾶλλον
1427 2852 1559 2916 τούς
1598 2853 1825 2928 ἔρσενας
1860 2857 1972 2913 τῶν

375 2943 608 3019 θηλέων·
638 2942 732 3002 καὶ
756 2940 961 3003 τούτων
983 2944 1036 3001 οἶ
1061 2940 1290 3003 αἰπόλοι
1315 2940 1480 3017 τιμσῖς
1504 2940 1735 3016 μέζονας
1760 2940 1970 3019 ἔχουσι,

375 3034 436 3089 ἐκ
464 3030 523 3089 δὲ
547 3055 756 3091 τουτων
783 3029 862 3094 εἷς
882 3028 1211 3107 μάλιστα,”
1179 3054 1336 3092 οστις
1361 3027 1529 3088 ε’πεαν
1554 3024 1825 3106 ἀποθάνῃ,
1847 3029 1971 3088 πέν-

375 3118 471 3181 θος
496 3118 646 3199 μέγα
669 3096 836 3227 πῖΐντὶ
862 3122 940 3196 τῷ
966 3118 1266 3195 Μενδησίῳ
1282 3141 1431 3192 νομῳ
1404 3116 1678 3175 ’“τίθεται·
1718 3115 1975 3174 καλέεται

375 3204 492 3265 δὲ
460 3233 492 3265 ο
519 3232 582 3267 τε
615 3204 820 3287 τράγος
851 3206 944 3263 καὶ
977 3231 1008 3263 ο
1049 3204 1181 3263 Πάν
1211 3202 1550 3282 Αἰγυπτιστὶ
1580 3202 1819 3279 Μένδης·
1861 3205 1977 3284 ε’γέ-

373 3318 501 3355 νετο
532 3291 579 3353 δ’
616 3297 674 3353 ἐν
701 3318 780 3373 τῳ
811 3318 962 3371 νομῳ
992 3289 1169 3371 τούτῳ
1207 3288 1291 3349 ἐπ’
1326 3293 1460 3368 ε’μεῢ
1498 3292 1666 3351 τοῦτο
1694 3316 1763 3351 το
1792 3292 1975 3369 τέρας·
