2250 3500
349 148 447 196 154
957 143 1325 196 ἮΡοΔοῑῑότ
1844 143 1946 208 [Π.

345 223 540 286 ἄλλων
561 224 855 302 βασιλέων
879 223 1213 301 τριηκοσίων
1245 247 1308 283 τε
1344 222 1439 282 καὶ
1468 221 1771 300 τριήκοντα
1798 222 1953 286 οὖνό-

346 337 519 390 ματα.
574 316 633 370 ε’ν
657 311 972 391 τοσαύτῃσι
995 315 1227 393 γενεῇσι
1252 309 1555 388 ἀνθρώπων
1582 309 1955 372 ὀκτωκαίδεκα

349 402 454 477 μὲν
493 400 758 462 Αἰθίοπες
799 397 965 474 ἦσαν,
1007 399 1111 476 μία
1156 399 1217 458 δὲ
1256 397 1397 480 γυνὴ
1442 399 1729 477 ἐπιχωρίη·
1797 402 1853 459 οἱ
1892 399 1955 459 δὲ

350 486 538 557 ἄλλοι,
581 486 773 565 ἄνδρες
804 485 1118 568 Αἰγύπτιοι·
1160 489 1233 565 τῇ
1274 487 1335 545 δὲ
1372 486 1593 566 γυναικὶ
1634 484 1846 563 οὔνομα
1884 485 1956 565 ἦν

349 574 472 651 ἥτις
524 576 872 652 ἐβασίλευσε
921 574 1094 651 τόπερ
1134 577 1209 652 τῇ
1260 574 1616 651 Βαβυλωνίῃ,
1658 574 1954 652 Νίτωκρις·

353 663 458 739 τὴν
498 664 693 744 ἔλεγον
729 662 1112 740 τιμωρέουσαν
1152 659 1612 741 ἅδελφεῷ,--τὸν
1655 659 1957 742 Ἀἰγύπτιοι

355 751 741 828 βασιλεύοντα
785 750 981 826 σφέων
1033 749 1377 820 ἀπέκτειναν,
1422 747 1843 813 ἀποκτείναντες
1894 749 1957 810 δὲ

355 839 498 900 οὕτω
525 839 702 917 ἐκείνῃ
727 837 1013 898 ἐπέδοσαν
1037 836 1143 913 τήν
1169 836 1763 917 βασιληΐην,-τούτῳ
1788 862 1955 914 τιμω-

355 929 597 1004 ρέουσαν
621 924 874 989 πολλοῦς
898 926 1216 1006 Αἰγυπτίων
1242 926 1563 1002 διαφθεῖραι
1590 924 1756 1005 δόλῳ·
1796 950 1957 1004 ποιη-

357 1014 607 1092 σαμένην
626 1013 738 1096 γάρ
763 1038 862 1091 μιν
888 1014 1095 1091 οἴκημα
1119 1014 1419 1091 περίμηκες
1442 1011 1718 1094 ὑπόγαιον
1738 1017 1958 1074 καινοῦν

356 1106 434 1182 τῷ
468 1101 638 1183 λόγῳ,
665 1101 776 1182 νόῳ
811 1101 872 1162 δὲ
905 1100 1061 1160 ἄλλα
1097 1101 1486 1182 μηχανᾶσθαι·
1529 1101 1860 1161 καλέσασαν
1897 1101 1962 1161 δέ

358 1215 457 1267 μιν
481 1191 802 1273 Αἰγυπτίων
829 1190 959 1254 τοῦς
991 1188 1250 1267 μάλιστα
1287 1188 1602 1267 μεταιτίους
1638 1193 1739 1249 τοῦ
1781 1187 1959 1265 φόνου

357 1276 502 1357 ᾔδεε,
541 1277 794 1342 πολλοῦς
833 1281 1045 1339 ἑστιᾶν·
1093 1278 1470 1355 δαινυμένοισι
1510 1277 1571 1336 δὲ
1610 1279 1821 1338 ἐπεῖναι
1858 1276 1961 1338 τᾶν

360 1366 617 1445 ποταμόν
642 1366 710 1426 δι’
743 1365 990 1430 αὐλῶνος
1025 1368 1269 1444 κρυπτοῦ
1308 1365 1581 1446 μεγάλου·
1620 1364 1825 1441 ταύτης
1857 1368 1962 1441 μὲν

360 1457 490 1533 πέρι
513 1459 766 1518 τοσαῦτα
793 1456 1006 1536 ἔλεγον·
1045 1453 1202 1530 πλὴν
1226 1452 1314 1514 ὅτι
1345 1451 1518 1529 αὐτήν
1549 1478 1664 1529 μιν,
1693 1452 1764 1516 ὥς
1794 1457 1963 1514 τοῦτο

363 1543 700 1626 ἐξέργαστο,
711 1544 874 1622 ῥίψαι
899 1547 955 1606 ἐς
995 1541 1201 1618 οἴκημα
1236 1540 1453 1600 σποδοῦ
1478 1541 1658 1601 πλέον
1683 1539 1824 1605 ὅκως
1848 1539 1961 1602 α’τι-

271 1632 382 1691 101
403 1631 654 1709 μῶρητος
678 1631 926 1710 γένηται.
991 1633 1116 1689 Τῶν
1144 1629 1203 1688 δὲ
1228 1627 1421 1689 ἄλλων
1444 1629 1737 1706 βασιλέων
1763 1626 1829 1688 οὗ
1852 1627 1964 1710 γοῖρ

366 1717 562 1800 ἔλεγον
616 1717 876 1796 οὐδεμίαν
928 1717 1101 1799 ἔργων
1142 1715 1419 1788 ἀπόδεξιν,
1464 1716 1581 1778 κατ’
1624 1716 1781 1779 οὐδὲν
1827 1717 1966 1779 εἶναι

365 1806 777 1884 λαμπρότητος,
797 1805 953 1881 πλὴν
973 1804 1092 1868 {vde
1109 1808 1212 1865 τοῦ
1237 1805 1485 1885 ἐσχάτου
1510 1804 1689 1866 αύτῶν
1710 1807 1964 1884 Μοίριος·

363 1898 562 1955 τοῦτον
602 1894 662 1953 δὲ
701 1892 1084 1963 ἀποδέξασθαι
1120 1893 1458 1971 μνημόσυνα
1494 1897 1596 1955 τοῦ
1640 1893 1967 1971 Ἡφαίστου

367 1981 440 2043 ταῖ
465 1981 608 2062 πρός
631 1983 818 2059 βορῆν
843 1980 1048 2060 ἄνεμον
1072 1981 1425 2059 τετραμμένα
1454 1980 1797 2060 προπύλαια·
1838 1983 1967 2059 λίμ-

365 2096 468 2148 νην
505 2096 569 2132 τε
609 2068 802 2149 ὀρύξαι
839 2074 942 2148 τῆς
981 2068 1021 2147 ἦ
1066 2069 1323 2146 περίοδος
1364 2068 1514 2131 ὅσων
1561 2070 1686 2130 ε’στὶ
1726 2069 1968 2131 σταδίων

365 2158 603 2240 ὕστερον
627 2158 885 2236 δηλώσω·
925 2158 1238 2237 πυραμίδας
1261 2182 1323 2217 τε
1351 2162 1409 2217 ἐν
1433 2155 1576 2237 aiv-fi
1602 2156 1969 2234 οἰκοδομῆσαι

367 2252 478 2307 τῶν
501 2251 602 2309 τοῦ
625 2246 900 2328 μεγάθεος
933 2247 1064 2325 πέρι
1089 2245 1233 2323 ὅμοῦ
1262 2243 1403 2324 αὐτῇ
1427 2248 1501 2324 vij
1535 2245 1710 2325 λίμνῄ
1737 2244 1967 2322 ἐπιμνή-

369 2360 566 2411 σομαι.
644 2337 844 2394 τοῦτον
880 2336 985 2411 μὲν
1022 2337 1276 2395 τοσαῦτα
1315 2329 1715 2405 ἀποδέξασθαι,
1757 2336 1870 2395 τῶν
1908 2332 1971 2393 δὲ

369 2420 560 2480 ἄλλων
586 2419 784 2480 οὐδένα
809 2419 986 2481 οὐδέν.

277 2510 394 2570 102
451 2506 963 2585 Παραμειψάμενος
1008 2505 1085 2568 ὦν
1134 2505 1379 2580 τούτους,
1424 2510 1527 2569 τοῦ
1580 2507 1673 2568 ἐπὶ
1716 2506 1972 2569 τούτοισι

369 2596 668 2677 γενομένου
699 2596 995 2672 βασιλέος,
1021 2598 1098 2675 τῷ
1130 2594 1341 2673 οῦνομα
1373 2594 1445 2673 ἦν
1476 2596 1815 2674 Σέσωστρις,
1845 2594 1972 2655 τού-

368 2708 470 2745 του
494 2681 719 2762 μνήμην
742 2680 1075 2760 ποιήσομαι.
1152 2683 1256 2744 τὸν
1282 2685 1480 2765 ἔλεγον
1505 2686 1561 2744 οἳ
1588 2684 1728 2762 ἱρέες
1752 2686 1975 2761 πρῶτον

368 2774 474 2849 μὲν
513 2772 769 2833 πλοίοισι
806 2774 1076 2850 μακροῖσι
1107 2770 1423 2849 ὁρμηθέντα
1460 2776 1521 2831 ἐκ
1554 2775 1657 2832 τοῦ
1690 2768 1973 2848 Ἀραβίου

373 2858 607 2931 κόλπου,
631 2859 762 2923 τοῦς
784 2858 939 2938 παραὶ
962 2858 1068 2935 τήν
1083 2858 1360 2938 Ἐρυθρὴν
1386 2857 1695 2920 θάλασσαν
1721 2882 1976 2935 κατοικη-

370 2947 570 3024 μένους
608 2947 1122 3025 καταστρέφεσθαι·
1186 2951 1241 3011 ἐς
1280 2946 1313 3006 ὃ
1352 2947 1601 3008 πλέοντά
1637 2971 1737 3024 μιν
1774 2945 1977 3023 πρόσω

369 3033 674 3095 ἀπικέσθαι
700 3038 755 3098 ἐς
781 3034 1086 3095 θάλασσαν
1106 3032 1291 3093 οὖκέτι
1314 3034 1546 3111 πλωτήν
1562 3033 1673 3095 §vra
1690 3034 1975 3113 βραχέων·

373 3121 626 3181 ἐνθεῦτεν
647 3121 708 3180 δὲ
734 3120 806 3186 ὦς
831 3120 1015 3181 ὀπίσω
1039 3117 1269 3179 οἷπίκετο
1297 3124 1352 3183 ἔς
1372 3120 1676 3202 Αἴγυπτον,
1698 3121 1843 3181 κατὰ
1866 3124 1979 3182 τῶν

373 3206 531 3279 ἱρέων
567 3205 674 3284 τήν
713 3206 900 3285 φάτιν,
942 3206 1217 3283 στρατιὴν
1259 3207 1489 3283 πολλὴν
1526 3207 1731 3285 λαβὼν
1766 3206 1980 3285 ἤλαυνε

375 3289 471 3351 διὰ
497 3294 600 3368 τῆς
637 3292 888 3370 ἠπείρου,
920 3296 1036 3353 πᾶν
1075 3293 1232 3358 ἔθνος
1269 3293 1337 3355 τὰ
1378 3293 1634 3369 ἐμποδῶν
1673 3318 1980 3373 καταστρε-
