2250 3500
330 106 430 154 206
935 100 1300 153 «ΗΡοΔοΤοτ
1783 100 1916 165 [m.

330 181 738 258 ἀπολομένοισι
775 181 884 241 σῦν
918 184 993 259 τῇ
1032 181 1142 257 νηΐ·
1201 183 1376 241 ταῦτα
1412 181 1526 263 γὰρ
1563 180 1827 243 ἐδίκασαν
1865 186 1923 243 οἱ

331 269 633 348 βασιλήῖοι
690 268 966 339 δικασταὶ,
1025 268 1168 346 ὖπὲρ
1230 268 1427 346 ἀνδρός
1484 268 1724 330 ἑκάστου
1788 272 1922 331 δέκα

332 357 645 438 Αἰγυπτίων
680 362 791 417 τῶν
827 356 1059 434 πρώτων
1092 354 1600 418 ἀνταπόλλυσθαι(
1637 357 1670 418 ὁ
1697 358 1756 417 δὲ
1796 362 1813 382 ’
1845 360 1921 420 ὢν

331 443 706 521 παρεξιόντας,
748 446 841 504 καὶ
872 443 1079 523 ,μαθων
1116 444 1219 504 τᾶν
1259 445 1435 504 παῖδα
1477 444 1781 526 τ’·γεόμενον
1827 448 1921 507 ἐπὶ

332 532 587 601 θάνατον,
618 536 728 592 τῶν
762 532 952 594 ἄλλων
985 532 1301 613 Αἶγωττίων
1331 537 1442 592 τῶν
1475 536 1922 611 περικατημένων

332 620 500 681 αύτόν
524 620 825 681 κλαιόντων
850 621 944 679 καὶ
967 620 1117 679 δεινοὶ
1141 619 1455 690 ποιεύντων,
1480 618 1659 680 edura
1685 622 1921 698 ἐποίησε

330 708 399 769 τὰ
424 709 519 767 καὶ
543 708 635 767 ἐπὶ
659 711 733 784 τῇ
758 708 1007 788 θυγατρί.
1073 706 1466 785 παρελθόντων
1491 707 1552 766 δὲ
1577 708 1670 766 καὶ
1691 707 1917 781 τούτων,

334 795 618 871 συνήνεικε
656 795 803 855 ὥστε
842 800 953 854 τῶν
991 795 1320 872 συμποτέων
1352 796 1408 853 οἱ
1442 792 1616 871 ἄνδρα
1654 794 1920 872 ἀπηλικέ-

332 908 550 959 στερον,
579 881 967 943 ἐκπεπτωκότα
990 887 1051 941 ἐκ
1074 885 1184 943 τῶν
1209 880 1423 952 ἐόντων,
1451 882 1650 960 ἔχοντα’.
1673 908 1738 943 τε
1763 884 1920 945 οὐδὲν

333 974 383 1029 εἰ
410 970 492 1048 μή
524 970 637 1031 ὅσα
676 970 896 1048 πτωχός
932 971 1025 1029 καὶ
1057 970 1465 1046 προσαιτέοντα
1495 967 1600 1045 τήν
1630 972 1916 1049 στρατιὴν,

330 1058 585 1135 παριέναι
622 1056 985 1134 Ψαμμήνιτόν
1022 1081 1087 1117 τε
1122 1056 1224 1118 τόν
1246 1055 1522 1133 Ἀμάσιος
1561 1058 1654 1117 καὶ
1690 1058 1821 1123 τούς
1859 1065 1920 1121 ἐν

330 1149 409 1224 τῷ
454 1146 767 1223 προαστείῳ
818 1145 1156 1221 κατημένους
1202 1148 1313 1204 τῶν
1363 1146 1698 1225 Αιγυπτιων·
1773 1146 1921 1208 οδὲ

333 1233 691 1311 Ψαμμήνιτος
731 1231 801 1295 ὥς
837 1231 936 1303 ἴδε,
962 1231 1318 1295 ἀνακλαύσας
1355 1233 1504 1312 μέγα
1541 1234 1635 1293 καὶ
1675 1236 1922 1300 καλεσας

335 1320 601 1399 οὐνόματι
622 1321 721 1381 τὸν
754 1324 985 1397 ἑταῖρον,
1014 1319 1296 1395 ἐπλήξατο
1326 1319 1430 1396 τήν
1455 1321 1730 1398 κεφαλήν·
1768 1321 1918 1399 ἦσαν

334 1408 457 1467 δ”
420 1436 528 1487 αρα
580 1408 751 1469 αὐτοῦ
801 1409 1063 1491 φύλακοι,
1106 1407 1161 1467 οἳ
1195 1406 1262 1468 vd
1314 1407 1643 1485 ποιεύμενον
1693 1414 1808 1470 πᾶν
1859 1412 1922 1481 ἐξ

334 1499 539 1557 ἐκείνου
565 1496 649 1557 ἐπ’
675 1496 883 1577 ἑκάστῃ
908 1496 1074 1576 ἐξόδω
1099 1494 1449 1574 Καμβύσῃ’
1423 1495 1742 1573 ωήμαινον·
1785 1499 1916 1558 θωυ-

332 1586 520 1660 μάσας
560 1585 621 1643 δὲ
659 1584 691 1644 ὁ
733 1584 1056 1664 Καμβύσης
1092 1583 1166 1643 τά
1203 1582 1518 1659 ποιεύμενα,
1558 1584 1786 1662 πέμψας
1821 1584 1918 1667 ἅγ-

332 1674 502 1752 γελον
553 1671 749 1747 εἰρώτα
799 1670 981 1740 αὐτὸν,
1026 1670 1208 1752 λέγων
1251 1669 1402 1730 τάδε·
1471 1671 1811 1748 “Δεσπότης
1847 1698 1920 1733 σε

334 1758 672 1834 Καμβύσης,
725 1757 1068 1836 Ψαμμήνιτε,
1122 1762 1335 1839 εἰρωτᾷ,
1376 1758 1516 1819 διότι
1569 1758 1637 1836 δή
1674 1760 1779 1835 τήν
1815 1763 1920 1839 μὲν

334 1844 609 1925 θυγατέρα
657 1845 827 1923 ὁρέων
878 1847 1274 1924 κεκακωμένην,
1322 1849 1416 1907 καὶ
1457 1848 1559 1908 τόν
1609 1849 1782 1908 παῖδα
1827 1850 1920 1909 ἐπὶ

334 1931 573 1995 θάνατον
596 1935 909 2014 στείχοντα,
930 1933 1057 1996 οὔτε
1074 1935 1367 2011 ἀνέβωσας
1393 1933 1517 1996 οὔτε
1540 1935 1916 2002 ἀπέκλαυσας·

332 2019 432 2083 τᾶν
477 2023 538 2083 δὲ
586 2022 810 2102 πτωχόν
860 2021 1017 2084 οὐδέν
1055 2047 1154 2084 σοι
1205 2022 1577 2101 προσήκοντα,
1619 2023 1691 2086 ὥς
1729 2023 1920 2086 ἀλλων

332 2111 696 2190 πυνθάνομαι,
729 2115 996 2190 ἐτίμησας
1014 2109 1061 2182 ;”
1101 2110 1134 2172 ὅ
1172 2112 1276 2186 μὲν
1313 2109 1382 2186 δή
1419 2113 1596 2170 ταῦτα
1635 2112 1916 2190 ἐπειρώτα,

335 2196 369 2257 ὁ
396 2199 443 2257 δ’
467 2199 737 2278 ἀμείβετο
762 2200 972 2260 τοῖσδε·
1014 2199 1103 2258 “ὦ
1137 2201 1244 2256 παῖ
1266 2197 1472 2274 Κύρου,
1500 2197 1573 2256 τά
1606 2200 1711 2274 μὲν
1737 2200 1919 2276 οἶκήῖα

334 2283 405 2359 ἦν
427 2289 573 2361 μέζω
600 2287 743 2348 κακοὶ
764 2285 803 2362 ἢ
834 2285 978 2348 ὥστε
1012 2284 1348 2346 ἀνακλαίειν·
1387 2283 1454 2344 τό
1481 2283 1542 2342 δὲ
1573 2290 1677 2345 τοῦ
1703 2288 1920 2364 ἑταίρου

334 2373 536 2436 πένθος
580 2373 737 2444 ἀξιον
781 2374 851 2449 ἦν
896 2373 1162 2452 δακρύων·
1243 2371 1305 2435 ὃς
1343 2375 1404 2430 ἐκ
1447 2374 1685 2432 πολλῶν
1719 2399 1784 2434 τε
1829 2377 1921 2434 καὶ

335 2455 665 2534 εὐδαιμόνων
691 2460 942 2521 ἐκπεσῶν
961 2466 1015 2524 ἐς
1039 2460 1322 2540 πτωχηΐην
1346 2457 1572 2518 ἀπῖκται
1598 2460 1690 2518 ἐπὶ
1713 2459 1922 2541 γήραος

336 2541 401 2602 οὗ
448 2547 475 2563 ”
494 2543 527 2564 ”
603 2547 697 2606 καὶ
729 2551 905 2607 ταῦτα
936 2546 1010 2611 ὦς
1040 2547 1431 2626 ἀπενειχθέντα
1463 2544 1574 2606 ὖπό
1607 2546 1825 2617 τούτου,
1859 2554 1918 2617 εὖ

336 2630 543 2694 δοκέειν
581 2637 635 2695 οἶ
674 2636 949 2712 εἰρῆσθαι·
1002 2635 1075 2700 ὥς
1109 2636 1170 2696 δὲ
1208 2637 1432 2716 λέγεται
1467 2633 1561 2694 ὑπ’
1589 2636 1920 2716 Αἰγυπτίων,

336 2718 586 2799 δακρύειν
635 2725 738 2799 μὲν
790 2727 1059 2800 Κροῖσον,
1107 2723 1408 2804 (ἐτετεύχεε
1457 2722 1568 2805 γάρ
1621 2723 1713 2781 καὶ
1764 2720 1923 2785 οὗτος

336 2810 707 2886 ἐπισπόμενος
745 2812 1043 2892 Καμβύσῃ
1084 2809 1170 2872 ἐπ’
1209 2810 1532 2891 Αἵγυπτον,)
1575 2809 1825 2887 δακρύειν
1862 2807 1922 2869 δὲ

338 2897 606 2971 Περσέων
637 2897 765 2962 τοῦς
793 2900 1115 2977 παρεόντας·
1172 2896 1318 2975 αὐτῷ
1350 2923 1414 2957 τε
1441 2897 1736 2974 Καμβύσῃ
1763 2899 1922 2956 ἐσελ·

337 2980 453 3038 θεῖν
479 2981 663 3042 οἶκτόν
685 3009 826 3054 τινα,
855 2985 947 3043 καὶ
972 2985 1168 3044 αὖτίκα
1195 2982 1438 3042 κελεύειν
1461 2983 1562 3043 τόν
1584 3008 1648 3042 τε
1673 2987 1728 3042 οἱ
1751 2983 1927 3043 παῖδα

337 3068 399 3122 ἐκ
422 3091 533 3126 των
557 3067 957 3144 ἀπολλυμένων
982 3070 1180 3139 σώζειν
1214 3069 1306 3125 καὶ
1341 3067 1510 3129 αὖτον
1537 3074 1598 3128 ἐκ
1625 3073 1728 3129 τοῦ
1753 3095 1925 3146 προα·

249 3145 320 3202 15
338 3151 527 3208 στείου
553 3151 979 3230 ἀναστήσαντας
1008 3153 1165 3235 ἄγειν
1189 3153 1319 3228 παρ’
1347 3154 1563 3215 ἑωυτόν·
1601 3154 1702 3216 τᾶν
1723 3159 1831 3233 μὲν
1854 3156 1980 3232 δη

338 3233 511 3291 παῖδα
552 3261 715 3313 ευρον
760 3241 815 3298 οἶ
860 3238 1138 3315 μετιόντες
1190 3237 1374 3298 οὐκέτι
1415 3239 1723 3314 περιεόντα,
1769 3241 1932 3303 ἀλλὰ
