2250 3500
357 160 426 207 94
971 155 1345 206 ἨΡοΔοτοτ
1503 146 1536 177 ·
1892 155 1969 222 [1.

356 235 575 306 πόλιος,
602 236 927 313 συνέβαλόν
948 263 1011 298 τε
1038 239 1092 296 οἳ
1118 234 1481 310 Βαβυλώνιοι
1506 235 1601 295 καὶ
1626 235 1975 302 ἑσσωθέντες

355 327 431 402 τῇ
454 321 613 402 μάχῃ
638 324 1054 400 κατειλήθησαν
1079 329 1136 386 ἐς
1158 323 1225 383 τό
1254 323 1419 382 ἄστυ·
1463 322 1555 382 οἷα
1590 323 1652 382 δὲ
1677 322 1971 392 ἐξεπιστά-

355 435 514 488 μενοι
540 413 619 471 ἔτι
644 411 916 489 πρότερον
944 412 1046 473 τᾶν
1077 415 1269 488 Κῦρον
1297 410 1397 470 οὐκ
1424 409 1805 487 ἀτρεμίζοντα,
1831 409 1970 470 ἀλλ’

356 497 605 575 ὁρέοντες
631 498 798 559 αὖτόν
822 500 990 559 παντὶ
1016 500 1160 559 ἔθνεϊ
1184 497 1387 575 ὁμοίως
1414 498 1808 576 ἐπιχειρέοντα,
1828 524 1969 574 προ-

358 585 630 656 εσάξαντο
657 587 812 647 σιτία
838 587 1000 647 ἐτέων
1025 584 1204 662 κάρτα
1227 588 1479 644 πολλῶν.
1549 586 1785 645 ἐνθαῦτα
1810 584 1969 646 οὗτοι

354 675 462 750 μὲν
499 674 675 757 λόγον
713 674 867 754 εἶχον
895 677 998 749 τῆς
1031 674 1363 750 πολιορκίης
1402 671 1615 732 οὐδένα·
1684 676 1875 750 Κῦρος
1904 675 1969 735 δὲ

355 761 625 843 ἀπορίῃσι
665 763 921 842 ἐνείχετο,
955 760 1054 821 ἅτε
1091 760 1300 839 χρόνου
1332 785 1396 820 τε
1432 761 1786 841 ἐγγινομένου
1821 787 1967 840 συχ-

353 855 454 910 νοῦ
484 849 734 927 ἀνωτέρω
753 875 827 932 ,τε
861 849 1020 910 οὐδὲν
1047 852 1160 908 τῶν
1191 847 1537 928 πρηγμάτων
1576 851 1965 926 προκοπτομέ-

269 938 373 996 191
395 963 520 998 νων.
598 938 733 997 Εἴτε
771 936 841 1012 δή
883 936 957 997 ὧν
995 935 1177 999 ἄλλος
1216 938 1271 995 οἳ
1309 934 1605 1012 ἀπορέοντι
1640 934 1965 1011 ὑπεθήκατο

355 1025 466 1084 εἴτε
505 1025 599 1084 καὶ
637 1023 803 1089 αὐτὸς
843 1025 1014 1102 ἔμαθε
1051 1023 1120 1084 τὰ
1159 1025 1421 1099 ποιητέον
1454 1026 1510 1082 οἶ
1538 1021 1625 1100 ἦν,
1668 1025 1849 1084 ἐποίεε
1888 1025 1963 1101 δή

353 1111 586 1172 τοιόνδε·
621 1112 793 1182 τάξας
815 1112 920 1189 τὴν
945 1111 1217 1190 στρατιὴν
1234 1110 1465 1172 ἅπασαν
1491 1111 1555 1180 ἐξ
1577 1111 1833 1188 ἐμβολῆς
1856 1118 1963 1173 τοῦ

353 1203 612 1277 ποταμοῦ
634 1203 706 1278 τῇ
734 1205 790 1264 ἐς
812 1200 918 1276 τήν
935 1200 1106 1262 πόλιν
1134 1198 1433 1275 ἐσβάλλει,
1456 1199 1550 1258 καὶ
1574 1196 1780 1258 ὄπισθε
1804 1199 1962 1264 αὖτις

354 1291 456 1364 τῆς
493 1287 692 1352 πόλιος
728 1288 900 1358 τάξας
939 1289 1157 1366 ἐτέρους
1192 1291 1266 1366 τῇ
1298 1286 1429 1356 ἐξίει
1462 1290 1523 1345 ἐκ
1558 1289 1662 1361 τῆς
1690 1285 1892 1351 πόλιος
1924 1288 1959 1349 ὅ

353 1376 620 1455 ποταμός,
645 1381 877 1456 προεῖπε
909 1381 989 1456 τῷ
1023 1378 1262 1454 στρατῷ,
1296 1374 1431 1434 ὅταν
1465 1372 1740 1450 διαβατόν
1768 1374 1836 1434 τὸ
1869 1376 1959 1452 ῥέ-

356 1466 519 1542 εθρον
542 1466 762 1527 ἴδωνται
784 1465 1098 1547 γενόμενον,
1125 1464 1335 1523 ἐσιέναι
1359 1460 1533 1540 ταύτῃ
1558 1465 1615 1525 ἐς
1636 1461 1741 1538 τήν
1764 1463 1957 1527 πόλιν.

356 1553 496 1614 οὕτω
525 1579 589 1615 τε
619 1555 688 1632 δὴ
720 1555 891 1625 τάξας
926 1553 1019 1613 καὶ
1055 1551 1199 1612 κατὰ
1230 1553 1407 1611 ταῦτα
1430 1551 1787 1628 παραινέσας,
1814 1550 1959 1629 α’πή-

353 1644 526 1701 λαυνε
551 1641 717 1705 αὖτός
742 1641 852 1701 σῦν
874 1644 953 1718 τῷ
977 1639 1189 1720 ἅχρηΐῳ
1207 1643 1306 1699 τοῦ
1328 1642 1594 1715 στρατᾶῦ·
1625 1636 1960 1716 ἀπικόμενος

359 1727 421 1787 δὲ
451 1729 543 1788 ἐπὶ
573 1729 677 1806 τήν
710 1729 931 1805 λίμνην,
956 1725 1029 1787 τά
1054 1752 1161 1805 περ
1186 1725 1225 1803 ἦ
1249 1730 1361 1788 τῶν
1384 1726 1762 1803 Βαβυλωνίων
1774 1728 1959 1805 ἱβασί-

354 1820 483 1875 λεια
525 1817 757 1892 ἐποίησε
802 1814 942 1874 κατά
981 1840 1045 1874 τε
1089 1815 1191 1876 τὸν
1230 1813 1486 1892 ποταμόν
1532 1814 1627 1873 καὶ
1671 1815 1814 1875 «ard
1852 1816 1961 1894 τήν

354 1904 574 1981 λίμνην,
617 1904 798 1963 ἐποίεε
830 1903 923 1962 καὶ
953 1902 985 1963 ὅ
1013 1906 1202 1980 Κῦρος
1234 1902 1394 1980 ἔτερα
1428 1904 1678 1963 τοιαῦτα·
1716 1902 1817 1964 τᾶν
1845 1904 1959 1985 γὰρ

355 1992 610 2071 ποταμὸν
653 1991 876 2072 διώρυχι
921 1990 1216 2073 ἐσαγαγών
1262 1993 1319 2053 ἐς
1360 1989 1464 2067 τὴν
1505 1991 1711 2068 λίμνην
1752 1995 1959 2053 ἐοῦσαν

358 2080 502 2152 ἕλος,
555 2079 623 2141 τὸ
674 2079 910 2159 σῖρχαῖον
948 2078 1176 2157 ῥέεθρον
1216 2076 1490 2154 διαβατὸν
1531 2077 1687 2137 εἶναι·
1724 2080 1959 2155 ἐποίησε

353 2168 845 2247 ὑπονοστήσαντος
880 2170 982 2228 τοῦ
1021 2170 1299 2243 ποταμοῦ·
1339 2164 1638 2245 γενομένου
1674 2165 1736 2225 δὲ
1758 2165 1959 2227 τούτου

354 2258 623 2328 τοιούτου,
652 2260 706 2316 οἱ
729 2258 953 2334 Πέρσαι
989 2255 1149 2332 οἷπερ
1176 2252 1475 2332 ἐτετάχατο
1500 2252 1586 2311 ἐπ’
1611 2251 1759 2332 αὐτῷ
1780 2254 1959 2335 τούτῳ

357 2343 497 2404 κατὰ
534 2346 601 2406 τὰ
640 2343 867 2421 ῥέεθρον
903 2346 1005 2403 τοῦ
1043 2340 1354 2419 Εὐφρήτεω
1385 2334 1660 2417 ποταμοῦ,
1696 2340 1958 2402 ὖπονενο·

356 2430 628 2505 στηκότος
653 2428 809 2505 ἀνδρὶ
835 2429 905 2493 ὥς
933 2434 988 2491 ἐς
1010 2429 1191 2505 μέσον
1212 2428 1394 2506 μηρόν
1418 2427 1673 2505 μάλιστά
1700 2454 1786 2505 κη,
1813 2426 1958 2489 κατά

355 2521 523 2577 τοῦτο
549 2516 793 2596 ἐσῄεσαν
819 2521 875 2580 ἐς
896 2515 1000 2592 τήν
1019 2516 1357 2593 Βαβυλῶνα.
1397 2520 1445 2576 εἲ
1467 2516 1572 2592 μέν
1594 2540 1692 2577 νυν
1715 2517 1957 2593 προεπύ·

357 2605 523 2665 θοντο
567 2602 605 2681 ἢ
653 2606 859 2682 ἔμαθον
905 2608 960 2664 οἱ
1000 2604 1360 2681 Βαβυλώνιοι
1402 2604 1470 2664 τὸ
1517 2609 1579 2664 ἐκ
1622 2608 1723 2664 τοῦ
1764 2604 1958 2683 Κύρου

355 2692 696 2772 ποιεύμενον,
738 2692 850 2754 οὐδ’
889 2690 958 2754 ἂν
997 2692 1332 2770 περιϊδόντες
1369 2691 1499 2755 τούς
1522 2692 1756 2770 Πέρσας
1797 2697 1957 2753 ἐσελ-

355 2782 473 2843 θεῖν
519 2787 575 2845 ἐς
613 2782 719 2859 τήν
745 2782 932 2843 πόλιν
978 2781 1298 2858 διέφθειραν
1344 2779 1602 2840 κάκιστα·
1661 2781 1957 2857 κατακληΐ-

355 2895 555 2933 σαντες
586 2870 700 2952 γοὶρ
735 2867 804 2930 ἂν
841 2868 1032 2931 πάσας
1069 2867 1170 2931 τοὶς
1209 2873 1265 2931 ἐς
1300 2868 1402 2929 τᾶν
1439 2867 1696 2946 ποταμὸν
1722 2868 1959 2933 πυλίδας

357 2956 612 3036 ἐχούσας,
642 2957 734 3015 καὶ
763 2955 923 3016 αὐτοὶ
959 2956 1052 3014 ἐπὶ
1079 2953 1182 3017 τοὶς
1213 2954 1481 3030 αἱμασιὰς
1512 2953 1823 3031 ἀναβάντες
1856 2955 1959 3020 τὰς

356 3042 510 3118 παροῖ
548 3044 621 3103 τὰ
656 3044 854 3123 χεῦιεα
891 3044 994 3103 τοῦ
1034 3044 1291 3115 ποταμοῦ
1334 3042 1698 3117 ἐληλαμένας,
1742 3043 1958 3119 ἔλαβον

356 3126 426 3188 ἅν
449 3135 633 3205 σφεας
657 3129 728 3193 ὥς
753 3136 812 3189 ἐν
836 3127 1023 3204 κύρτῃ·
1064 3130 1164 3186 νῦν
1194 3124 1255 3183 δὲ
1290 3126 1353 3195 ἐξ
1381 3126 1809 3204 ἀπροσδοκήτου
1843 3135 1959 3206 σφι

355 3216 723 3290 παρέστησαν
741 3219 796 3274 οἶ
814 3209 1059 3289 Πέρσαιζ
1102 3209 1217 3269 ὖπό
1242 3210 1303 3269 δὲ
1325 3212 1597 3291 μεγάθεος
1612 3218 1717 3290 τῆς
1738 3215 1959 3286 πόλιος,

360 3294 434 3358 ὥς
462 3299 688 3377 λέγεται
714 3299 826 3359 ὖπό
857 3303 968 3358 τῶν
1004 3295 1180 3373 ταύτῃ
1216 3299 1533 3374 οἰκημένων,
1568 3301 1679 3360 τῶν
1716 3302 1847 3377 περὶ
1884 3301 1961 3362 τὰ
