2250 3500
359 103 642 170 109-114]
1026 106 1296 159 eAAmA.
1865 110 1962 159 255

356 183 650 261 καλέομεν·
694 184 919 261 φορέειν
944 184 1005 245 δὲ
1029 183 1133 248 τάς
1157 182 1379 262 ὄρνιθας
1404 190 1462 249 ε’ς
1491 186 1756 251 νεοσσισῖς
1781 212 1960 265 προσ·-

354 272 761 347 πεπλασμένας
802 277 863 331 ἐκ
899 276 1085 347 πηλοῦ
1116 272 1257 348 πρός
1291 272 1702 349 ἀποκρήμνοισι
1743 274 1954 352 οὔρεσι,

358 360 493 419 ἔνθα
530 357 867 436 πρόσβασιν
906 358 1178 439 ἀνθρώπω
1214 358 1472 436 οὐδεμίαν
1507 361 1663 421 εἶναι·
1704 388 1847 440 προς
1883 390 1957 424 ων

356 446 427 521 δη
452 451 631 507 ταῦτα
660 447 789 510 τούς
813 446 1118 525 Ἀραβίους
1150 448 1491 523 σοφίζεσθαι
1522 446 1672 507 τάδε·
1712 452 1870 527 βοῶν
1892 478 1958 513 τε

356 536 453 595 καὶ
484 534 623 595 ὄνων
659 539 771 596 τῶν
811 534 1226 617 ἀπογινομένων
1266 535 1360 595 καὶ
1397 539 1508 595 τῶν
1538 534 1730 597 ἄλλων
1757 537 1956 610 ὐποζυ-

354 623 493 703 γίων
516 622 589 683 τοὶ
619 623 799 699 μέλεα
830 623 1201 700 διαταμόντας
1237 648 1310 687 ως
1341 623 1602 703 μέγιστα,
1632 624 1930 700 κομίζειν’
1903 653 1960 693 ες

354 714 535 771 ταῦτα
552 709 637 770 .τά
667 710 863 789 χωρία·
903 712 1001 770 καί
1032 716 1190 787 σφεα
1226 710 1422 775 θέντας
1453 708 1636 792 ἀγχοῦ
1659 715 1771 771 τῶν
1800 738 1959 773 νεοσ-

357 798 541 868 σιέων,
570 796 1059 859 ἀπαλλάσσεσθαι
1089 797 1216 862 ἐκάς
1247 796 1474 859 αὐτέων·
1511 797 1615 861 τοὶς
1653 798 1713 858 δὲ
1737 796 1960 877 ὄρνιθας

358 886 842 962 καταπετεωμένας
865 884 939 947 τοὶ
963 888 1074 946 τῶν
1091 884 1402 968 ὐποζυγίων
1425 886 1606 964 μέλεα
1632 884 1962 965 ἀναφορέειν

358 974 453 1033 ἐπὶ
475 974 579 1037 τάς
603 973 887 1039 νεοσσιάς·
925 974 1026 1039 τάς
1052 974 1111 1034 δὲ
1132 974 1197 1035 οὐ
1224 975 1527 1052 δυναμένας
1551 974 1736 1055 ἴσχειν
1761 1002 1961 1055 καταρ-

355 1062 675 1145 ρήγνυσθαι
727 1063 820 1123 ἐπὶ
869 1065 997 1144 γῆν·
1056 1062 1186 1127 τούς
1237 1064 1298 1123 δὲ
1350 1062 1605 1127 ἐπιόντας
1658 1066 1962 1147 συλλέγειν

358 1149 501 1210 οὕτω
538 1150 605 1211 τό
646 1150 1013 1229 κιννάμωμον·
1090 1151 1512 1231 συλλεγόμενον
1551 1152 1612 1212 δὲ
1651 1158 1713 1212 ἐκ
1751 1152 1959 1214 τούτων

356 1236 723 1299 ἀπικνέεσθαι
763 1244 820 1303 ἐς
848 1238 951 1302 τοῖς
990 1237 1175 1303 ἄλλας
1212 1239 1415 1318 χώρας.
1495 1238 1576 1299 Τό
1619 1239 1680 1299 δὲ
1711 1239 1778 1315 δὴ
1821 1241 1922 1317 λή-
1943 1243 2056 1302 112

358 1325 539 1397 δανον,
584 1326 653 1387 τὸ
709 1328 979 1387 καλέουσι
1014 1326 1282 1404 Ἀράβιοι
1333 1326 1596 1395 λάδανον,
1637 1328 1720 1385 ἔτι
1762 1327 1962 1388 τούτου

358 1414 823 1492 θωυμασιῶτερον
853 1416 1084 1496 γίνεται·
1141 1419 1200 1475 ἐν
1233 1412 1346 1495 γάρ
1381 1412 1776 1492 δυσοδμοτάτῳ
1813 1414 1962 1495 γινό-

357 1526 528 1577 μενον
554 1501 931 1563 εὐωδέστατόν
957 1506 1101 1562 ἐστι·
1140 1504 1252 1562 τῶν
1273 1499 1388 1581 γάρ
1421 1504 1594 1583 αἰγῶν
1616 1504 1726 1560 τῶν
1743 1500 1962 1582 τράγων

360 1594 421 1650 ἐν
443 1594 599 1651 τοῖσι
622 1590 857 1672 πώγωσι
884 1589 1198 1668 εὐρίσκεται
1223 1588 1594 1670 ἐγγινόμενον,
1624 1589 1742 1649 οἷον
1766 1590 1963 1671 γλοιὸς

358 1677 473 1737 ἀπὸ
504 1682 606 1754 τῆς
643 1678 801 1756 ὕλης.
882 1676 1170 1758 χρήσιμον
1209 1675 1257 1737 δ’
1298 1682 1354 1741 ἐς
1391 1676 1588 1737 πολλοὶ
1625 1681 1736 1738 τῶν
1773 1677 1962 1758 μύρων

360 1767 503 1826 ἐστι’·
547 1768 795 1844 θυμιῶσί
812 1792 877 1827 τε
900 1766 1158 1845 μάλιστα
1181 1770 1350 1828 τοῦτο
1374 1765 1658 1844 Ἀράβιοι.

438 1857 704 1916 Τοσαῦτα
727 1859 831 1933 μὲν
858 1855 1158 1933 θυωμάτων
1183 1855 1313 1934 πέρι
1341 1856 1600 1933 εἰρήσθω·
1641 1856 1835 1929 ἀπόζει
1861 1857 1922 1917 δὲ
1942 1859 2055 1917 113

357 1946 461 2019 τῆς
483 1943 668 2023 χώρης
700 1948 803 2020 τῆς
826 1941 1103 2021 Ἀραβίης
1135 1943 1444 2004 θεσπέσιον
1475 1943 1548 2007 ῶς
1573 1943 1690 2020 ἡδύ.
1777 1944 1874 2004 δύο
1902 1946 1963 2004 δὲ

356 2032 525 2112 γένεα
576 2031 705 2092 ὀΐων
744 2032 863 2108 σφί
899 2036 1023 2091 ἐστι
1064 2029 1353 2106 θωύματος
1391 2029 1538 2099 ἄξια,
1578 2029 1651 2089 τοὶ
1692 2029 1962 2107 οὐδαμόθι

360 2120 589 2196 ἑτέρωθί
626 2124 768 2180 ἐστι·
807 2119 877 2180 τὰ
914 2120 1018 2196 μὲν
1049 2116 1256 2177 αὐτέων
1293 2117 1480 2192 ἕτερον
1516 2117 1630 2194 ἔχει
1664 2117 1766 2179 τοὶς
1797 2117 1962 2195 οὐράς

358 2207 591 2284 μακροῖς,
633 2209 801 2285 τριῶν
840 2205 1067 2286 πήχεων
1111 2203 1212 2264 οὐκ
1245 2203 1593 2267 ἐλάσσονας·
1647 2203 1748 2266 τάς
1791 2205 1842 2264 εἴ
1878 2231 1963 2269 τις

328 2297 517 2370 ’ἐπείη
570 2301 683 2371 σφι
747 2294 1018 2364 ἐπέλκειν,
1073 2294 1242 2353 ἕλκεα
1291 2289 1362 2352 ἂν
1412 2292 1607 2372 ἔχοιεν,
1662 2290 1960 2370 ἀνατριβο·

356 2383 565 2459 μενέων
603 2381 744 2460 πρός
793 2385 867 2462 τῇ
904 2384 982 2463 γῇ
1021 2384 1134 2442 τῶν
1187 2380 1407 2458 οὐρέων·
1465 2383 1563 2441 νῦν
1607 2378 1654 2440 δ’
1695 2378 1841 2446 ἅπας
1879 2407 1964 2446 τις

357 2475 470 2530 τῶν
520 2473 799 2549 ποιμένων
847 2471 1146 2530 ἐπίσταται
1197 2470 1550 2551 ξυλουργέειν
1597 2475 1652 2534 ἐς
1699 2475 1961 2531 τοσοῦτο·

359 2557 653 2636 ἁμαξίδας
688 2558 801 2640 γὰρ
859 2562 1158 2628 ποιεῦντες,
1221 2557 1526 2618 ὐποδέουσι
1595 2556 1766 2622 αὐτοῖς
1826 2562 1964 2636 τῇσι

360 2646 581 2726 οὐρῇσι,
625 2646 743 2710 ἑνός
784 2645 1023 2706 εκάστου
1063 2643 1289 2722 κτήνεος
1333 2646 1438 2721 τήν
1479 2643 1650 2721 οὐρὴν
1689 2645 1782 2703 ἐπὶ
1822 2645 1964 2722 ἀμα-

359 2734 486 2804 ξίδα
528 2734 772 2810 ἑκάστην
816 2732 1190 2796 καταδέοντες·
1236 2731 1303 2792 τό
1338 2731 1462 2791 δὲ’
1433 2756 1620 2808 ετερον
1656 2731 1816 2811 γένος
1854 2735 1964 2791 τῶν

357 2822 490 2883 ὀΐων
529 2822 631 2887 τοῖς
683 2821 850 2900 οὐράς
887 2820 1136 2884 πλατέας
1179 2819 1468 2897 φορεουσι,
1513 2817 1606 2876 καὶ
1649 2818 1742 2877 ἐπὶ
1776 2820 1964 2897 πῆχυν

284 2941 301 2946 -
357 2909 596 2974 πλάτος-

437 2997 915 3077 Ἀποκλινομένης
966 2997 1027 3058 δε
1075 2966 1440 3074 μεσαμβρίης
1495 3018 1734 3072 παρηκει
1785 2991 1927 3071 πρὸς
1945 2993 2060 3053 114

358 3085 592 3148 δύνοντα
624 3087 789 3164 ἥλιον
822 3086 861 3162 ἦ
898 3082 1164 3160 Αἶθιοπιη
1199 3082 1371 3162 χώρη,
1401 3082 1618 3162 ἐσχάτη
1649 3087 1759 3142 τῶν
1795 3085 1964 3141 οἰκεο-

355 3175 555 3251 μένων·
612 3174 752 3251 αὕτη
792 3173 854 3233 δὲ
892 3170 1109 3252 χρυσόν
1148 3196 1212 3230 τε
1252 3172 1413 3249 φέρει
1451 3170 1674 3230 πολλόν
1715 3169 1806 3228 καὶ
1847 3169 1963 3228 ε’λέ-

358 3268 578 3339 φαντας
612 3261 1001 3341 ἀμφιλαφέας,
1039 3259 1134 3318 καὶ
1173 3258 1398 3335 δένδρεα
1427 3257 1614 3318 πάντα
1643 3255 1829 3334 ἄγρια,
1875 3255 1967 3315 καὶ
