2250 3500
319 109 417 163 172
922 110 1294 160 ‘HPOAomooe
1810 105 1916 173 [11.

315 190 464 266 βοῦν
502 188 730 265 ξυλίνην
769 189 982 265 κοιλην·
1039 189 1132 248 καὶ
1174 189 1363 249 ἔπειτα
1404 187 1921 268 καταχρυσώσαντά

316 303 414 353 μιν
437 276 658 352 ταύτην,
689 277 800 336 ἔσω
837 283 895 337 ἐν
922 276 1062 356 αύτῇ
1096 277 1275 356 θάψαι
1305 276 1513 352 ταύτην
1548 276 1617 352 δη
1642 276 1749 353 τὴν
1782 275 1920 337 α’πο-

225 366 340 423 130
361 365 644 425 θανοῦσαν
697 365 992 446 θυγατέρα.
1075 364 1232 440 Αὕτη
1286 363 1359 425 ὧν
1408 364 1448 440 ἦ
1497 365 1641 441 βοῦς
1690 368 1768 445 γῇ
1820 364 1921 425 οῦκ

319 450 585 529 ἐκρύφθη,
613 451 745 512 ἀλλ’
777 453 857 512 ἔτι
894 454 987 512 καὶ
1018 456 1075 516 ἐς
1107 456 1207 529 ἐμὲ
1230 451 1301 529 ἦν
1338 451 1570 530 φανερή,
1600 458 1661 512 ἐν
1688 451 1795 516 Σάῖ
1816 455 1923 530 μὲν

317 540 456 599 πόλι
509 539 684 600 ἐοῦσα
735 542 958 617 κειμένη
1005 539 1065 600 δὲ
1119 546 1179 600 ἐν
1228 543 1382 601 τοῖσι
1430 540 1813 616 βασιληΐοισι,
1862 546 1923 602 ἐν

319 628 580 705 οἰκήματι
613 628 932 708 ἠσκημένῳ·
975 626 1300 706 θυμιήματα
1342 629 1402 687 δὲ
1430 627 1561 706 παρ’
1602 627 1745 706 αὐτῇ
1784 653 1921 688 παν-

318 719 446 776 τοῖα
499 717 860 798 καταγίζουσι
913 714 1020 776 ἅναῖ
1082 720 1278 777 πᾶσαν
1327 715 1560 792 ἡμέρην·
1630 715 1809 776 ’νύκτα
1861 715 1923 775 δὲ

321 803 564 881 ἑκάστην
603 803 884 882 πάννυχος
928 801 1137 882 λύχνος
1182 803 1569 881 παρακαίεται.
1632 801 1815 883 ἀγχοῦ
1862 803 1923 863 δὲ

319 895 421 968 τῆς
444 892 587 968 βοὸς
611 890 814 966 ταύτης
839 896 899 950 ἐν
925 889 1085 970 ἄλλῳ
1117 891 1378 970 οἰκήματι
1408 889 1613 954 εἰκόνες
1635 895 1745 950 τῶν
1776 894 1922 950 παλ-

318 980 534 1038 λακέων
557 983 668 1038 τῶν
693 980 1008 1056 Μυκερίνου
1041 982 1264 1050 ε’στᾶσι,
1300 979 1374 1044 ὥς
1399 980 1593 1060 ἔλεγον
1628 981 1683 1038 οἶ
1720 983 1779 1039 ἐν
1814 977 1924 1043 Σάῖ

317 1065 458 1126 πόλι
484 1065 642 1144 ἱρέες·
675 1069 880 1126 ἑστᾶσι
902 1069 1007 1144 μὲν
1031 1063 1142 1146 γοῖρ
1169 1067 1383 1137 ξύλινοι
1408 1067 1705 1136 κολοσσοὶ,
1728 1069 1923 1127 ἐοῦσαι

319 1153 558 1264 ἀριθμὸν
584 1153 656 1224 ὥς
687 1155 894 1214 ἐείκοσι
926 1154 1185 1231 μάλιστ-α’
1218 1181 1304 1231 κη,
1330 1154 1537 1236 γυμναὶ
1562 1154 1920 1234 ἐργασμέναι·

319 1243 386 1301 αἴ
403 1267 491 1303 τιι
491 1268 547 1306 ες
569 1243 760 1320 μέντοι
787 1243 899 1303 εἶσὶ
930 1242 1031 1304 οῦκ
1058 1243 1167 1322 ἔχω
1196 1247 1383 1313 εἰπεῖν,
1411 1241 1565 1318 πλὴν
1599 1240 1637 1318 ἢ
1659 1240 1733 1303 τοὶ
1758 1241 1921 1323 λεγό-

227 1332 336 1390 131
357 1356 518 1407 μενα.
602 1333 676 1391 Οι
703 1331 766 1391 δέ
792 1356 936 1396 τινες
970 1332 1208 1413 λέγουσι
1246 1331 1375 1408 περὶ
1407 1333 1511 1406 τῆς
1543 1329 1687 1407 ,Boas-
1718 1329 1923 1406 ταύτης

316 1415 414 1478 καὶ
448 1423 557 1481 τῶν
592 1423 895 1481 κολοσσῶν
934 1418 1094 1480 τόνδε
1123 1417 1225 1480 τὸν
1263 1417 1457 1500 λόγον·
1508 1443 1578 1482 ως
1611 1421 1923 1495 Μυκερῖνος

318 1508 534 1584 ἐρείσθη
577 1513 680 1584 τῆς
719 1511 922 1568 ἑωυτοῦ
962 1507 1250 1588 θυγατρός,
1294 1506 1385 1565 καὶ
1426 1505 1615 1565 ἔπειτα
1657 1506 1823 1587 ἐμίγη
1865 1508 1920 1567 οἶ

319 1594 579 1673 ἀεκούσῃ·
620 1619 763 1670 μετα
789 1595 864 1664 δὲ,
893 1596 1131 1675 λέγουσι
1157 1621 1229 1658 ως
1253 1592 1293 1670 ἤ
1318 1596 1449 1657 παῖς
1486 1591 1840 1701 ἅπήγξατο“
1806 1619 1917 1654 υπο

319 1679 501 1760 ἄχεος,
530 1708 562 1740 ο
589 1681 654 1739 δέ
675 1707 774 1758 μιν
800 1683 973 1760 ἔθαψε
1013 1685 1072 1740 ἐν
1105 1685 1180 1761 τῇ
1215 1682 1319 1758 βοῒ
1348 1681 1543 1761 ταύτῃ·
1582 1707 1621 1759 η
1606 1680 1708 1740 ιδὲ
1731 1673 1920 1759 μήτηρ

318 1768 488 1844 αὐτῆς
510 1772 620 1828 τῶν
639 1767 992 1877 α’μφιπόλων
998 1772 1110 1829 τῶν
1130 1769 1495 1846 προδουσέων
1518 1795 1623 1845 την
1642 1770 1919 1851 θυγατέρα

317 1856 395 1929 τῷ
425 1856 595 1932 πατρὶ
631 1854 883 1931 απέταμε
922 1854 1024 1918 τοὶς
1058 1860 1269 1935 χεῖρας·
1311 1858 1405 1916 καὶ
1443 1861 1541 1918 νῦν
1569 1881 1669 1920 τας
1709 1856 1920 1921 εἰκόνας

318 1942 525 2005 αύτέων
577 1943 714 2003 εἶναι
771 1944 1108 2007 πεπονθυῖας
1164 1944 1343 2021 τοίπερ
1396 1948 1455 2004 αἱ
1507 1944 1640 2015 ζωαι
1694 1944 1917 2005 ἔπαθον.

317 2036 494 2093 ταῦτα
529 2033 590 2093 δὲ
615 2034 850 2113 λέγουσι
877 2032 1265 2111 φλυηρέοντες,
1300 2031 1373 2096 ὥς
1402 2031 1510 2113 ἐγώ
1542 2032 1729 2106 δοκέω,
1756 2031 1829 2091 τά
1853 2056 1918 2093 τε

319 2119 475 2181 ἅλλα
501 2122 593 2181 καὶ
620 2122 687 2199 δή
716 2123 808 2181 καὶ
845 2121 920 2182 ero?
953 2122 1083 2198 περὶ
1117 2120 1221 2184 τοῖς
1249 2125 1439 2200 χεῖρας
1462 2124 1573 2181 τῶν
1600 2123 1919 2181 κολοσσῶν·

319 2214 495 2269 ταῦτα
538 2211 650 2292 γᾰρ
689 2209 763 2269 ὦν
803 2211 896 2269 καὶ
934 2209 1094 2285 ἡμεῖς
1137 2208 1395 2286 ὁρέομεν,
1438 2207 1526 2267 ὅτι
1564 2206 1675 2268 im?
1713 2205 1921 2286 χρόνου
1988 2232 1997 2239 ·

318 2295 417 2359 τοὶς
454 2302 644 2375 χεῖρας
684 2296 1151 2373 ἀποβεβλήκασι,
1186 2296 1245 2355 αἳ
1283 2300 1341 2356 ἐν
1375 2296 1516 2355 ποσὶ
1549 2294 1756 2355 αὐτέων
1788 2295 1921 2371 φαί-

228 2383 342 2463 132Ι
362 2408 547 2443 νονται
573 2388 768 2442 ἐοῦσαι
796 2385 875 2441 ἔτι
911 2386 1003 2443 καὶ
1042 2390 1097 2446 ἐς
1135 2384 1253 2461 ἐμέ.
1333 2382 1409 2442 Ἠ
1443 2383 1503 2442 δὲ
1538 2384 1684 2459 βοῦς
1718 2382 1791 2442 τοὶ
1816 2384 1922 2459 μὲν

320 2468 474 2528 ἄλλα
506 2471 945 2545 κατακέκρυπται
983 2472 1245 2551 φοινικέῳ
1278 2471 1476 2549 εἵματι,
1503 2469 1603 2531 τᾶν
1626 2469 1837 2550 αὐχένα
1862 2469 1923 2529 δὲ

321 2558 413 2617 καὶ
445 2555 550 2634 τήν
585 2558 841 2635 κεφαλὴν
879 2559 1064 2635 φαίνει
1101 2559 1498 2638 κεχρυσωμένα
1533 2558 1706 2638 παχέῖ
1744 2558 1924 2635 κάρτα

318 2650 530 2727 χρυσῷ·
568 2647 777 2724 μεταξῦ
818 2647 877 2706 δὲ
916 2652 1027 2707 τῶν
1058 2648 1271 2726 κερέων,
1305 2648 1337 2707 ὁ
1372 2652 1474 2708 τοῦ
1509 2646 1679 2723 ἦλίου
1720 2646 1924 2710 κύκλος

317 2736 698 2813 μεμιμημένος
736 2737 930 2796 ἔπεστι
969 2735 1229 2815 χρύσεος.
1314 2737 1434 2796 ἔστι
1474 2735 1535 2795 δὲ
1572 2734 1611 2811 ἦ
1647 2734 1793 2810 βοῦς
1823 2732 1923 2794 οῦκ

319 2822 478 2899 όρθη,
524 2823 656 2883 ἄλλ
684 2828 742 2884 ἐν
775 2824 1014 2905 γούνασι
1050 2823 1290 2900 κειμένη,
1322 2824 1571 2905 μεγαθος
1603 2820 1736 2881 δὲ’
1704 2846 1923 2898 οσηπερ

317 2910 542 2989 μεγάλη
580 2913 725 2987 βοῦς
763 2911 891 2987 ζωή·
946 2910 1241 2988 ἐκφέρεται
1280 2910 1341 2969 δὲ
1381 2916 1441 2970 ἐκ
1480 2914 1583 2970 τοῦ
1625 2908 1925 2987 οἰκήματος

319 2992 427 3052 ανοὶ
465 3021 647 3057 παντα
685 2997 758 3057 τοὶ
798 2999 938 3068 ἔτεα,
975 2998 1144 3056 ἐπεαν
1182 2996 1493 3059 τύπτωνται
1534 3000 1589 3057 οἶ
1624 2997 1927 3079 Αἰγύπτιοι

318 3078 418 3137 τόν
469 3082 569 3139 οῦκ
622 3082 1039 3197 ὀνομαζόμενον
1073 3082 1204 3143 θεον
1241 3082 1334 3143 υπ’
1377 3090 1507 3162 ε’μεῦ
1556 3085 1650 3145 ἐπι
1687 3083 1928 3164 τοιούτῳ

320 3163 625 3241 πρήγματι·
665 3170 794 3230 τότε
835 3172 910 3232 ὦν
951 3171 1043 3231 καὶ
1081 3168 1188 3246 τήν
1226 3171 1374 3245 βοῦν
1415 3171 1721 3249 ἐκφερουσι
1762 3178 1819 3236 ἐς
1856 3172 1927 3232 ord

325 3248 465 3313 φῶς·
531 3254 682 3321 φασὶ
732 3281 844 3333 γαρ
892 3258 962 3332 δη
1015 3255 1194 3331 αῦτήν
1245 3257 1507 3333 δεηθῆναι
1558 3264 1663 3319 τοῦ
1714 3284 1932 3337 πατρος
