2250 3500
307 135 494 200 9-13]
949 139 1273 190 amma.
1596 171 1607 184 .
1814 143 1912 192 ιιι

306 216 524 294 ἡμέρην
561 217 793 299 γίνεται.
875 217 1062 294 ἕτερον
1105 221 1359 280 τοιοῦτον
1408 220 1621 281 κόλπον
1666 221 1761 281 καὶ
1808 221 1915 297 τὴν

306 306 593 386 Αἴγυπτον
613 304 784 364 δοκέω
801 305 1066 385 γενέσθαι
1085 331 1204 366 κου·
1239 306 1339 367 τᾶν
1356 311 1460 384 μὲν
1480 314 1540 368 ἐκ
1559 311 1660 386 τῆς
1674 309 1913 386 βορηίης

308 393 610 468 θαλάσσης
654 392 868 453 κόλπον
912 393 1185 473 ἐσέχοντα
1228 395 1319 454 ἐπὶ
1359 396 1671 472 Αἰθιοπίης·
1710 398 1812 458 τόν
1850 398 1913 458 δὲ

307 480 622 564 [Ἄράβιοη
640 478 740 540 τὸν
765 482 1002 560 ἔρχομαι
1026 481 1229 564 λέξων]
1255 487 1315 542 ἐκ
1333 487 1435 560 τῆς
1459 485 1641 561 νοτίης
1666 486 1913 564 φέροντο,

309 570 405 628 ἐπὶ
447 569 666 646 Συρίης·
707 567 916 649 σχεδὸν
939 571 1044 646 μὲν
1069 569 1387 645 ἀλλήλοισι
1425 573 1913 648 συντετραίνοντας

306 656 439 720 τούς
491 655 720 735 μυχοῧς,
772 655 972 738 ὀλίγον
1021 656 1086 716 δέ
1132 683 1189 717 τι
1238 657 1761 746 παραλλασσοντας
1811 665 1913 737 τῆς

305 744 512 823 χώρης·
563 749 612 804 εἰ
655 743 732 806 ὧν
777 744 846 821 δη
895 744 1155 820 ἐθελησει
1201 747 1462 825 ἐκτρέψαι
1502 771 1569 808 το
1610 747 1914 824 ῥέεθρον
1878 775 1913 809 ο

309 836 574 898 Νεῖλος’
548 859 604 897 ες
626 837 826 894 τοῦτον
844 841 942 893 τόν
966 832 1243 911 Ἀράβιον
1270 834 1500 905 κόλπον,
1517 835 1579 894 τί
1598 860 1697 912 μιν
1716 834 1915 897 κωλύει

307 922 532 998 ῥέοντος
547 920 748 982 τούτου
769 923 1167 1000 ἐκχωσθῆναι’
1141 923 1293 987 εντός
1314 949 1383 1004 γε
1402 923 1705 1000 δισμυρίων
1724 925 1911 996 ἐτέων,

309 1009 420 1089 ἐγω
454 1012 560 1086 μὲν
582 1008 693 1091 γὰρ
721 1009 971 1085 ἔλπομαί
990 1035 1058 1091 γε
1085 1011 1179 1070 καὶ
1202 1011 1411 1089 μυρίων
1436 1011 1589 1074 ἐντός
1620 1013 1912 1092 χωσθῆναι

308 1094 399 1155 ἅν·
439 1101 540 1156 κοῦ
570 1122 638 1178 γε
664 1095 732 1174 δὴ
762 1102 820 1157 ἐν
841 1101 920 1177 τῷ
943 1099 1479 1179 προαναισιμωμένῳ
1509 1099 1692 1180 χρόνῳ
1717 1099 1914 1177 πρότε-

308 1209 411 1262 ρον
460 1183 500 1260 ἢ
554 1188 652 1261 ἐμὲ
702 1185 968 1266 γενέσθαι
1020 1184 1121 1246 οὐκ
1164 1184 1233 1247 ἂν
1274 1187 1523 1265 χωσθείη
1564 1186 1777 1251 κόλπος
1822 1187 1915 1248 καὶ

307 1276 512 1352 πολλῷ
548 1273 726 1350 μέζων
752 1274 834 1332 ἔτι
861 1271 1077 1343 τούτου,
1105 1272 1219 1334 ὖπό
1254 1272 1529 1334 τοσούτου
1559 1299 1622 1334 τε
1653 1279 1911 1352 ποταμοῦ

311 1361 406 1418 καὶ
433 1360 600 1424 οὕτως
625 1366 915 1442 ἐργατικοῦ
921 1387 940 1432 3
981 1360 1068 1420 Tot
1086 1360 1215 1438 περὶ
1234 1361 1519 1442 Αἴγυπτον
1546 1361 1621 1420 ὧν
1642 1362 1735 1420 καὶ
1758 1365 1913 1423 τοῖσι
1933 1365 2009 1422 12

309 1447 549 1528 λέγουσι
573 1447 715 1509 αὐτοὶ
741 1449 1024 1525 πείθομαι,
1054 1447 1149 1507 καὶ
1180 1447 1347 1510 αὖτὸς
1374 1446 1515 1508 οὕτω
1543 1447 1719 1525 κοῖρτα
1745 1449 1916 1508 δοκέω

311 1534 469 1606 εἶναι,
499 1535 622 1595 ἰδών
644 1561 708 1596 τε
743 1535 849 1613 τὴν
873 1536 1163 1618 Αἴγυπτον
1187 1535 1556 1612 προκειμένην
1593 1537 1696 1611 τῆς
1722 1535 1916 1614 ἐχομέ-

309 1648 408 1700 νης
447 1649 572 1705 γης,
616 1623 894 1706 κογχύλια
934 1649 998 1684 τε
1041 1621 1414 1700 φαινόμενα’
1388 1649 1481 1683 επι
1508 1625 1663 1683 τοῖσι
1704 1647 1915 1700 ουρεσι,

309 1712 403 1772 καὶ
450 1711 639 1790 ἅλμην
689 1707 1070 1775 ἐπανθέουσαν
1122 1711 1270 1773 ὥστε
1316 1711 1411 1771 καὶ
1459 1711 1560 1776 τὰς
1605 1712 1917 1791 πυραμίδας

309 1801 630 1915 δηλέεσθαι,
659 1800 752 1861 καὶ
779 1799 1013 1881 ψάμμον
1049 1804 1258 1878 μοῦνον
1282 1800 1628 1882 Αἶγύπτου”
1596 1826 1744 1913 οροςη
1746 1807 1915 1863 τοῦτο

308 1889 376 1949 τό
401 1888 542 1967 υπὲρ
573 1890 844 1967 Μέμφιος
884 1892 1032 1969 ἔχον·
1073 1914 1215 1966 προς
1255 1888 1331 1961 δὲ,
1371 1893 1444 1969 τῇ
1484 1890 1639 1969 χώρῃ
1680 1890 1805 1951 οὔτε
1842 1894 1915 1969 τῇ

307 1976 555 2057 Ἀραβίῃ
579 1977 878 2057 προσούρῳ
903 1977 1075 2056 ἐούσῃ
1099 1976 1205 2054 τὴν
1220 1978 1505 2058 Αἴγυπτον
1522 1978 1913 2056 προσεικέλην,

309 2066 438 2126 οὔτε
461 2071 534 2145 τῇ
551 2065 760 2146 Λιβύῃ,
790 2066 854 2127 οὗ
878 2066 994 2144 μὴν
1019 2064 1145 2125 οὐδὲ
1168 2068 1241 2143 τῇ
1269 2066 1457 2143 Συρίῃ,
1475 2064 1600 2145 (τῆς
1622 2064 1733 2145 γὰρ
1750 2064 1917 2141 Ἀρα-

307 2154 445 2231 βίης
487 2154 559 2215 τιὶ
602 2153 758 2232 παρὰ
821 2154 1128 2215 θάλασσαν
1174 2150 1367 2229 Σύριοι
1410 2152 1711 2232 νέμονται,)
1762 2149 1917 2211 ἀλλὰ.

309 2241 656 2325 μελάγγαιόν
699 2268 764 2302 τε
809 2242 902 2301 καὶ
949 2240 1473 2319 κατερρηγνυμένην,
1522 2236 1667 2298 ὥστε
1714 2242 1919 2300 ἐοῦσαν

313 2328 438 2390 ἰλύν
466 2355 531 2390 τε
572 2331 665 2390 καὶ
690 2330 970 2410 πρόχυσιν
1003 2328 1066 2398 ἐξ
1097 2327 1394 2403 Αἰθιοπίης
1431 2326 1917 2408 κατενηνειγμένην

309 2416 422 2477 ivr&
447 2423 547 2479 τοῦ
571 2423 847 2496 ποταμοῦ·
888 2417 995 2494 τὴν
1021 2416 1082 2475 δὲ
1107 2415 1333 2492 Λιβύην
1356 2415 1515 2493 ἴδμεν
1554 2415 1917 2493 ἐρυθροτέρην

311 2531 374 2567 τε
397 2510 505 2587 γῆν
532 2508 624 2568 καὶ
658 2505 1152 2585 ὖποψαμμοτέρην,
1178 2502 1281 2580 τὴν
1326 2504 1386 2563 δὲ
1419 2503 1698 2583 Ἀραβίην
1722 2530 1785 2565 τε
1826 2504 1919 2567 καὶ

314 2594 520 2672 Συρίην
543 2594 1026 2677 ἀργιλωδεστέρην
1050 2618 1113 2653 τε
1142 2593 1233 2651 καὶ
1258 2591 1574 2671 υπόπετρον
1600 2596 1825 2653 ἐοῦσαν.

382 2680 628 2765 ’Έλεγον
653 2683 713 2742 δὲ
739 2682 848 2741 καὶ·
864 2680 993 2742 τόδε
1022 2706 1122 2757 μοι
1147 2681 1300 2793 μέγα
1318 2680 1617 2757 τεκμήριον
1648 2679 1775 2755 περὶ
1816 2682 1918 2755 τῆς
1937 2678 2014 2738 13

309 2769 495 2849 χώρης
537 2770 742 2847 ταύτης
786 2772 842 2830 οἱ
889 2768 1043 2847 ιρέες,
1093 2794 1165 2876 ῳς
1211 2770 1305 2827 ἐπὶ
1340 2768 1581 2845 Μοίριος
1624 2764 1918 2841 βασιλέος,

310 2858 450 2922 ὅκως
475 2858 684 2921 ἔλθοι“
652 2885 682 2919 ο
710 2856 961 2933 ποταμὸς
981 2857 1072 2917 ἐπὶ
1097 2854 1242 2917 οκτῶ
1261 2854 1483 2933 πήχεας
1498 2852 1565 2913 τό
1594 2850 1916 2931 ἐλάχιστον,

311 2945 550 3023 αρδεσκε
591 2947 878 3028 Αἴγυπτον
919 2944 1023 3020 τήν
1061 2944 1245 3022 ἔνερθε
1281 2943 1570 3019 Μέμφιος·
1614 2940 1705 2999 καὶ
1743 2939 1919 3015 Μοίρι

313 3060 378 3094 ου
407 3062 485 3093 κω
501 3034 572 3111 ἦν
599 3036 722 3095 ἔτεα
750 3031 1033 3094 εἰνακόσια
1056 3026 1535 3105 τετελευτηκότι
1504 3053 1598 3087 οτε
1624 3052 1735 3086 των
1764 3026 1919 3103 ἱρέων

309 3126 488 3184 ταῦτα
531 3122 641 3204 ἐγω
675 3120 900 3199 ἤκουον·
957 3124 1054 3181 νῦν
1097 3119 1174 3190 δὲ,
1210 3117 1281 3194 ἢν
1316 3141 1396 3191 μη
1436 3114 1519 3173 ἐπ’
1568 3111 1913 3171 ἑκκαίδεκα*
1878 3138 1917 3188 η

311 3212 704 3271 πεντεκαίδεκα
729 3208 945 3287 πήχεας
971 3208 1210 3285 ἅναβῇ’
1180 3204 1247 3266 τὸ
1270 3200 1630 3279 ἐλάχιστον
1599 3227 1630 3260 ο
1649 3224 1920 3277 ποταμος,

314 3324 416 3358 ουκ
442 3298 770 3423 υιᾜερβαίνει
805 3302 861 3358 ἐς
884 3295 988 3371 τὴν
1013 3293 1222 3372 χώρην.
1304 3288 1567 3348 δοκέουσί
1604 3312 1667 3348 τε
1700 3313 1797 3364 μοι
1823 3292 1921 3347 Αἶ-
