2250 3500
315 142 378 189 64
925 135 1285 188 ‘HPOAO'l'o‘r
1842 135 1917 203 [1.

313 222 504 296 Κῦρος
526 217 881 295 παραλαβών
904 217 1003 278 τόν
1025 217 1207 298 λαγόν
1231 216 1521 296 ἀνέσχισε·
1564 215 1737 295 εὖρῶν
1768 217 1830 278 δὲ
1862 222 1927 278 ἐν

316 306 461 384 αὐτῷ
509 304 576 365 τὰ
625 306 868 382 βιβλίον
919 304 1069 365 ἔνεόν
1118 304 1319 381 λαβὼν
1365 305 1685 386 ἐπελέγετο·
1735 304 1811 365 ταῖ
1862 305 1927 366 δὲ

315 393 620 475 γράμματα
660 394 820 474 ἔλεγε
857 392 1007 453 τάδε·
1051 402 1087 427 “
1105 392 1147 452 ὦ
1176 396 1283 451 παῖ
1320 393 1671 469 Καμβύσεω,
1698 396 1779 455 -σὲ
1808 393 1925 474 γὰρ

318 483 438 542 θεοὶ
477 480 768 558 ε’πορέωσι·
810 479 875 540 οὗ
911 479 1024 562 γὰρ
1063 478 1135 540 ἄν
1174 506 1302 540 κοτε
1342 485 1398 543 ἐς
1434 485 1710 541 τοσοῦτον
1747 480 1927 560 τύχης

317 568 535 630 α’πίκευ·
575 567 650 629 σύ
679 573 776 630 νῦν
799 567 1119 649 Ἀστυάγεα
1141 567 1242 628 τόν
1266 572 1511 631 σεωυτοῦ
1540 569 1720 645 φονέα
1742 570 1923 630 τίσαι·

318 657 460 718 κατὰ
482 660 586 735 μὲν
615 656 727 738 γοὶρ
750 656 856 733 τὴν
884 656 1084 716 τούτου
1115 657 1433 734 προθυμίην
1454 657 1741 733 τέθνηκας,
1766 658 1834 718 τὸ
1863 659 1927 719 δὲ

319 745 461 806 κατὰ
505 745 664 809 θεούς
703 771 768 806 τε
815 745 908 805 καὶ
949 747 1048 821 ἐμὲ
1079 745 1316 822 περίεις·
1365 743 1441 805 τά.
1483 770 1557 806 σε
1602 747 1695 804 καὶ
1738 745 1928 807 πάλαι

319 835 488 894 δοκέω
527 834 711 894 πάντα
751 832 1206 914 ἐκμεμαθηκέναι,
1242 832 1345 891 σέο
1380 858 1444 892 τε
1477 831 1649 893 αὐτοῦ
1682 834 1814 911 πέρι
1852 833 1931 897 οἷς

320 920 575 1000 ἐπρήχθη
613 922 705 980 καὶ
741 921 834 980 οἶα
868 920 978 1001 ε’γῶ
1009 919 1119 980 ὖπό
1148 919 1493 1002 Ἀστυάγεος
1525 922 1799 992 πέπονθα,
1836 921 1928 983 ὅτι

319 1035 394 1088 ,σε
419 1009 518 1068 οὐκ
545 1008 836 1068 ἀπέκτεινα
861 1007 1016 1068 ἅλλαῖ
1043 1008 1216 1068 ἔδωκα
1245 1012 1323 1087 τῷ
1353 1007 1637 1089 βουκόλῳ.
1719 1009 1795 1069 σύ
1826 1014 1929 1071 νῦν

319 1095 391 1173 ἢν
419 1096 610 1176 βούλῃ
644 1097 770 1174 ε’μοὶ
802 1097 1113 1166 πείθεσθαι,
1145 1100 1366 1172 τῆσπερ
1403 1094 1726 1179 Ἀστυάγης
1763 1097 1931 1178 ἄρχει

321 1184 506 1263 χώρης
519 1183 722 1261 ταύτης
735 1183 959 1260 ἁπάσης
973 1181 1174 1261 ἔρξεις.
1240 1184 1473 1261 Πέρσας
1487 1184 1599 1266 γὰρ
1616 1184 1930 1252 α’ναπείσας

321 1272 674 1334 σ’πίστασθαι
698 1271 1080 1351 στρατηλάτεε
1111 1272 1205 1332 ε’πὶ
1228 1271 1478 1348 Μήδους·
1510 1273 1605 1332 καὶ
1631 1271 1705 1350 ἥν
1726 1300 1792 1335 τε
1817 1271 1930 1358 ε’γῶ

321 1359 432 1421 ὖπό
448 1360 789 1443 Ἀστυάγεος
813 1360 1108 1439 σ’,ποδεχθῶ
1134 1359 1450 1442 στρατηγὸς
1474 1359 1636 1422 ἀντία
1659 1387 1781 1435 σευ,
1804 1365 1931 1426 ἔστι

321 1475 410 1510 τοι
448 1450 522 1510 τὰ
561 1450 636 1511 σύ
676 1449 932 1527 βούλεαι,
974 1447 1045 1525 ἦν
1083 1473 1149 1508 τε
1186 1451 1299 1508 τῶν
1335 1474 1421 1512 τις
1461 1448 1703 1527 δοκίμων
1746 1449 1933 1518 ἄλλος

321 1537 551 1614 Μήδων·
594 1543 806 1618 πρῶτοι
843 1537 956 1618 γὰρ
998 1534 1153 1596 οὗτοι
1192 1534 1542 1601 ἀποστάντες
1580 1537 1677 1598 ἀπ’
1719 1541 1932 1602 ἐκείνου
1958 1591 1965 1598 .

326 1628 419 1686 καὶ
440 1626 730 1709 γενόμενοι
753 1625 894 1704 πρὸς
917 1625 1039 1696 σέο,
1055 1623 1377 1706 Ἀστυάγεα
1401 1628 1711 1704 καταιρέειν
1735 1629 1933 1708 πειρή-

325 1739 541 1775 σονται·
585 1714 656 1777 ὥς
697 1712 772 1774 ὧν
811 1713 1032 1790 ἑτοίμου
1069 1717 1173 1773 τοῦ
1209 1739 1279 1795 γε
1316 1712 1509 1776 ἐνθάδε
1549 1714 1734 1787 ἐόντος
1772 1719 1937 1781 ποίεε

322 1808 516 1874 ταῦτα,
543 1803 636 1861 καὶ
657 1803 814 1861 ποίεε
837 1800 978 1861 κατά
1001 1800 1225 1880 τάχος.”

234 1894 346 1951 125
405 1889 684 1953 Ἀκούσας
713 1893 890 1949 ταῦτα
928 1888 961 1950 ὁ
1003 1894 1206 1967 Κῦρος,
1246 1891 1535 1970 ἐφρόντιζε
1574 1892 1709 1975 ὅτεῳ
1740 1895 1933 1977 τρόπῳ

325 1978 637 2060 σοφωτάτῳ
663 1978 895 2058 Πέρσας
917 1977 1207 2038 ἀναπείσει
1223 1978 1595 2042 ἀπίστασθαι·
1621 1985 1935 2060 φροντίζων

325 2069 387 2129 δὲ
413 2068 726 2148 εὖρίσκεται
747 2071 925 2127 ταῦτα
953 2066 1288 2145 καιριώτατα
1306 2067 1463 2128 εἶναι·
1492 2070 1674 2131 ε’ποίεε
1698 2070 1933 2134 δὲτάδε·

323 2157 548 2241 γράψας
573 2162 629 2221 ἐς
649 2158 894 2235 βιβλίον
916 2154 988 2216 τοὶ
1014 2154 1306 2233 ἐβούλετο,
1332 2155 1500 2234 ἁλίην
1524 2162 1635 2218 τῶν
1659 2161 1935 2238 Περσέων

326 2246 653 2324 ἐποιήσατο·
693 2245 836 2324 μετὰ
867 2245 943 2316 δὲ,
976 2243 1291 2314 οἷναπτύξας
1318 2243 1385 2304 τό
1414 2245 1658 2322 βιβλίον
1690 2251 1785 2307 καὶ
1814 2254 1935 2309 ε’πι-

326 2336 642 2416 λεγόμενος,
681 2335 792 2409 ἕφη
825 2330 1146 2411 Ἀστυάγεά
1180 2357 1277 2408 μιν
1307 2333 1627 2415 στρατηγὸν
1662 2337 1937 2413 Περσέων

326 2420 726 2491 ἀποδεικνύναι,
775 2429 811 2454 “
827 2423 925 2480 νῦν
973 2418 1085 2490 τε,”
1132 2421 1244 2496 ἔφη
1294 2420 1491 2501 λέγων,
1538 2430 1575 2457 “
1591 2420 1634 2481 ὦ
1684 2424 1933 2502 Πέρσαι,

326 2507 687 2589 προαγορεύω
705 2508 837 2585 ὑμῖν
855 2510 1112 2583 παρεῖναι
1132 2507 1369 2568 ἕκαστον
1389 2508 1589 2587 ἔχοντα
1608 2510 1936 2587 δρέπανον.”

328 2602 520 2676 Κῦρος
549 2599 654 2675 μὲν
683 2600 859 2657 ταῦτα
887 2594 1294 2678 προηγόρευσε.
1376 2597 1524 2676 (ἔστι
1564 2598 1625 2657 δὲ
1663 2602 1937 2676 Περσέων

331 2686 515 2766 συχνοὶ
553 2685 735 2768 γένεα·
778 2684 871 2744 καὶ
899 2682 972 2745 τοὶ
1001 2686 1106 2762 μὲν
1145 2683 1325 2745 αὐτῶν
1358 2684 1389 2744 ὁ
1427 2689 1617 2763 Κῦρος
1656 2689 1938 2751 συνάλισε

329 2777 422 2837 καὶ
448 2775 710 2836 άνέπεισε
740 2772 1094 2834 ἀπίστασθαι
1127 2772 1241 2833 ἀπὸ
1273 2771 1503 2849 Μήδων·
1537 2774 1661 2835 ἔστι
1693 2775 1754 2835 δὲ
1782 2776 1934 2851 τάδε,

329 2865 393 2935 ἐξ
424 2862 498 2924 ὧν
530 2862 708 2923 ὧλλοι
739 2861 942 2925 πάντες
967 2860 1232 2939 οἷρτέαται
1256 2859 1501 2937 Πέρσαι·
1534 2864 1935 2945 Πασαργάδαι,

329 2951 646 3029 Μαράφιοι,
687 2949 967 3011 Μάσπιοι·
1050 2948 1260 3009 τούτων
1300 2949 1681 3031 Πασαργάδαι
1720 2954 1835 3013 εἶσὶ
1875 2954 1938 3015 ἄ·

329 3058 533 3110 ριστοι·
562 3037 620 3092 ἐν
649 3035 803 3092 τοῖσι
834 3031 928 3088 καὶ
948 3028 1336 3107 Ἀχαιμενίδαι
1364 3030 1479 3089 εἶσὶ
1510 3030 1756 3111 φρήτρη,
1782 3034 1940 3115 ἔνθεν

333 3122 389 3179 οἶ
417 3119 692 3193 βασιλέες
723 3121 778 3178 οἱ
802 3116 1112 3193 Περσεῖδαι
1133 3113 1425 3196 γεγόνασι.
1503 3116 1678 3179 ἄλλοι
1702 3120 1763 3180 δὲ
1787 3121 1939 3202 Πέρ-

335 3229 438 3264 σαι
463 3205 576 3263 εἶσὶ
594 3205 724 3264 οἶδε·
794 3203 1192 3271 Πανθιαλαῖοι,
1212 3207 1600 3279 Δηρουσιαῖοι,
1616 3208 1941 3286 Γερμάνιοι·

336 3288 491 3350 οὗτοι
513 3292 618 3365 μὲν
638 3289 843 3353 πάντες
868 3287 1140 3366 οἶροτῆρές
1171 3291 1298 3361 εἶσι,
1324 3292 1380 3351 οἶ
1404 3291 1465 3353 δὲ
1488 3290 1659 3354 ἄλλοι
1682 3297 1940 3374 νομάδες·
