2250 3500
315 161 378 210 14
909 161 1278 212 ‘HPOAomow
1835 164 1907 227 [1.

315 240 406 299 καὶ
423 241 638 319 τροπὴν
657 241 899 317 ποιήσας
925 247 1034 302 τῶν
1057 243 1340 320 πολεμίων
1356 240 1597 302 ἀπέθανε
1613 241 1916 304 κάλλιστα·

316 327 414 386 καί
446 354 543 405 μιν
577 327 864 404 Ἀθηναῖοι
903 330 1146 408 δημοσίῃ
1185 355 1248 389 τε
1288 330 1501 408 ἔθαψαν
1541 328 1709 390 αὐτοῦ
1738 333 1917 410 τῇπερ

315 414 497 485 ἔπεσε,
527 415 619 474 καὶ
647 418 916 494 ἐτίμησαν
941 415 1250 498 μεγάλως.”

220 503 290 561 31
393 500 491 566 Ὠς
517 503 576 562 δὲ
606 501 678 563 τοὶ
711 503 850 564 κατὰ
874 504 973 564 τὸν
996 505 1219 564 Τέλλον
1243 504 1625 582 προετρέψατο
1655 503 1688 564 ὅ
1723 503 1918 569 Σόλων

311 586 410 648 τόν
430 592 681 667 Κροῖσον
700 590 857 654 εἴπας
875 589 1071 651 πολλά
1093 616 1158 651 τε
1179 591 1271 651 καὶ
1290 589 1484 668 ὄλβια,
1508 591 1775 668 ἐπειρώτα
1792 594 1917 664 τίνα

312 675 561 753 δεύτερον
598 676 717 754 μετ’
755 680 960 738 ἐκεῖνον
999 678 1108 738 ἴδοι
1115 703 1132 748 3
1176 677 1376 737 δοκέων
1415 677 1607 759 πάγχυ
1642 678 1915 756 δευτερεῖα

310 766 426 842 γῶν
460 762 808 834 οἵσεσθαι,“
775 791 806 823 ο
841 765 901 824 δὲ
937 764 1076 824 εἶπε·
1118 765 1421 842 ’(Κλέοβίν
1451 790 1513 825 τε
1550 764 1643 824 καὶ
1677 765 1917 827 Βίτωνα·

309 848 559 911 τούτοισι
583 851 710 931 γὰρ,
739 855 896 911 ἐοῦσι
925 852 1086 932 γένος
1109 850 1433 932 Ἀργείοισι,
1459 851 1591 928 βίος
1614 877 1680 912 τε
1708 851 1921 929 α’ρκέων

309 935 469 1011 ὖπῆν
494 937 586 996 καὶ
620 937 761 1014 πρὸς
791 937 966 998 τούτω
997 938 1156 1017 ῥώμη
1183 937 1441 1017 σώματος
1469 937 1675 1015 τοιήδε·
1717 938 1917 1001 ἀεθλο-

313 1023 484 1101 φόροι
515 1050 578 1085 τε
605 1023 974 1103 ἅμφότεροι’
942 1027 1142 1102 ομοίως
1166 1025 1331 1102 ἦσαν,
1360 1027 1451 1085 καὶ
1477 1026 1546 1102 δή
1574 1027 1666 1085 καὶ
1690 1026 1917 1108 λέγεται

312 1110 405 1170 ὅδε
430 1109 463 1172 ὅ
489 1110 678 1193 λόγος·
723 1111 922 1188 ἐούσης
946 1112 1113 1190 ὁρτῆς
1136 1117 1210 1192 τῇ
1231 1112 1385 1191 Ἥρῃ
1410 1115 1563 1173 τοῖσι
1587 1111 1912 1193 Ἀργείοισι,

314 1198 427 1257 ἔδεε
451 1197 668 1262 πόντως
698 1197 802 1275 Τήν
825 1200 1040 1276 μητέρα
1075 1199 1253 1260 αὐτῶν
1284 1199 1461 1280 ζεύγεϊ
1492 1201 1828 1277 κομισθῆναι
1859 1207 1915 1266 ἐς

314 1285 380 1347 τό
406 1285 542 1363 ἱρόν·
585 1289 638 1346 οἳ
664 1285 726 1344 δέ
751 1292 864 1362 σφι
887 1286 1024 1363 βόες
1050 1291 1109 1346 ἐκ
1136 1290 1236 1346 τοῦ
1262 1285 1436 1366 ἀγροῦ
1462 1285 1527 1345 οὔ
1550 1288 1914 1369 παρεγίνοντο

313 1377 371 1432 ἐν
397 1372 527 1452 ὥρῃ·
563 1372 943 1450 ἐκκληῖόμενοι
969 1373 1028 1432 δὲ
1050 1377 1122 1452 τῇ
1151 1373 1263 1453 ὥρῃ
1290 1376 1345 1433 ὁὶ
1370 1372 1592 1449 νεηνίαι,
1618 1373 1913 1439 ὑποδύντες

310 1459 466 1520 αὐτοὶ
500 1459 610 1521 ὖπό
648 1460 755 1536 τήν
789 1460 1026 1542 ζεύγλην
1059 1461 1245 1520 εἷλκον
1275 1459 1380 1537 τήν
1414 1459 1649 1537 ἅμαξαν,
1683 1461 1775 1520 ἐπὶ
1811 1467 1913 1540 τῆς

311 1546 525 1624 ἁμάξης
551 1547 614 1607 δέ
630 1554 744 1623 σφι
763 1547 956 1627 ὄχέετο
974 1547 1013 1623 ἦ
1037 1547 1242 1625 μήτηρ·
1276 1547 1535 1611 σταδίους
1554 1547 1613 1607 δὲ
1635 1548 1803 1608 πέντε
1820 1549 1913 1608 καὶ

308 1634 723 1712 τεσσεράκοντα
769 1635 1189 1711 διακομίσαντες
1232 1633 1495 1695 ἀπίκοντο
1548 1639 1605 1698 ἐς
1651 1633 1721 1694 τὰ
1773 1635 1911 1714 ἱρόν·

308 1726 482 1783 ταῦτα
508 1723 571 1783 δέ
593 1729 707 1799 σφι
730 1722 1009 1799 ποιήσασι
1037 1723 1130 1782 καὶ
1154 1720 1443 1799 οφθεῖσι“
1408 1748 1520 1783 υπο
1546 1725 1647 1799 τῆς
1670 1723 1911 1806 πανηγύ-

307 1835 428 1887 ριος
449 1810 680 1888 τελευτη
705 1814 804 1870 τοῦ
829 1810 1025 1888 βίου’
971 1811 1193 1921 ”amsa-m
1215 1811 1519 1893 ἐπεγένετο·
1547 1811 1751 1881 διέδεξέ
1771 1838 1833 1871 τε
1853 1818 1912 1873 ἐν

309 1922 560 1958 τουτοισι
599 1898 631 1958 ὁ
673 1897 812 1968 θεός,
851 1924 922 1961 ως
961 1896 1185 1974 ἄμεινον
1225 1898 1310 1974 εἴη
1349 1897 1617 1978 ἀνθρώπω
1655 1898 1909 1959 τεθνάναι

309 1985 588 2062 μᾶλλον
552 2012 589 2061 η
616 1983 788 2057 ζώειν·
812 1984 1057 2063 Ἀργεῖοι
1080 2012 1185 2063 μεν
1201 2011 1313 2066 γαρ
1330 1984 1689 2062 περιστάντες
1708 1986 1909 2062 ἐμακά-

306 2073 459 2149 ριζον
495 2076 607 2133 τῶν
645 2073 896 2149 νεηνιέων
933 2072 1036 2147 τήν
1073 2072 1281 2150 ῥώμην·
1324 2076 1384 2133 αἶ
1422 2073 1483 2133 δὲ
1520 2071 1769 2153 Ἀργεῖαι
1804 2072 1910 2149 τήν

249 2186 256 2197 ’
305 2158 521 2239 μητέρα
566 2158 760 2231 αὖτῶν,
809 2159 938 2221 οἴων
981 2161 1184 2221 τέκνων
1229 2158 1481 2238 ἐκύρησε·
1533 2159 1573 2236 ἡ
1620 2161 1680 2219 δὲ
1722 2160 1908 2239 μήτηρ

307 2248 612 2327 περιχαρής
652 2252 824 2308 ἐοῦσα
861 2252 939 2327 τῷ
975 2273 1056 2307 τε·
1077 2250 1218 2328 ἔργῳ
1258 2248 1351 2306 καὶ
1388 2252 1462 2325 τῇ
1502 2247 1683 2326 φήμῃ,
1716 2253 1907 2308 στᾶσα

307 2334 495 2394 οἷντίον
524 2339 623 2393 τοῦ
655 2332 978 2413 ἀγάλματος
1010 2332 1201 2411 εὔχετο
1236 2334 1468 2409 Κλέοβί
1485 2358 1549 2392 τε
1574 2334 1667 2391 καὶ
1692 2334 1905 2404 Βίτωνι,

254 2429 260 2435 ’
305 2424 460 2480 τοῖσι
485 2424 686 2494 ἑωυτῆς
708 2421 970 2488 τέκνοισι,
999 2419 1059 2477 οἵ
1078 2443 1176 2495 μιν
1196 2420 1467 2495 ἐτίμησαν
1488 2418 1765 2499 μεγάλως,
1787 2419 1908 2479 δοῦ-

308 2532 399 2567 ναι
428 2506 532 2581 τήν
559 2506 687 2566 θεὸν
716 2506 782 2565 τὰ
815 2504 1080 2585 ἀνθρώπῳ
1107 2509 1294 2585 τυχεῖν
1324 2504 1556 2584 ἄριστόν
1582 2510 1725 2565 ἐστι·
1764 2507 1909 2583 μετὰ

303 2618 511 2669 ταυτην
535 2592 596 2651 δὲ
623 2618 729 2668 την
753 2592 938 2673 εὖχήν,
966 2619 1039 2656 ως
1072 2586 1278 2653 ἔθυσάν
1306 2619 1371 2653 τε
1400 2594 1493 2652 καὶ
1526 2590 1905 2671 εὐωχήθησαν,

308 2680 800 2758 κατακοιμηθέντες
839 2686 898 2740 ἐν
937 2679 1081 2759 αὐτῷ
1124 2684 1203 2759 τῷ
1241 2682 1337 2759 ἱρῷ
1376 2683 1430 2740 οἱ
1473 2681 1681 2756 νεηνίαι
1726 2679 1907 2741 ουκέτι

307 2768 644 2845 ἀνέστησαν,
672 2766 802 2827 ἀλλ’
831 2772 890 2827 ἐν
912 2768 1066 2827 τελει
1085 2767 1264 2846 τούτω
1290 2769 1544 2846 ἔσχοντο·
1575 2766 1822 2849 Ἀργεῖοι
1844 2768 1910 2829 δέ

306 2862 499 2932 σφεων
525 2854 736 2921 εικόνας
759 2854 1129 2931 ποιησάμενοι
1156 2853 1476 2916 ἀνέθεσαν’
1450 2880 1505 2918 ες
1532 2855 1814 2931 Δελφοῦς,
1835 2854 1907 2919 ὥς

306 2943 514 3020 α’νδρῶν
538 2940 1161 3023 α’ρίστωνγενομένωνΓ

217 3033 288 3093 32
388 3030 582 3095 Σόλων
599 3033 703 3108 μὲν
722 3029 788 3105 δή
813 3028 1155 3107 εὐδαιμονίης
1169 3028 1445 3108 δευτερεῖα
1464 3029 1618 3107 ἔνεμε
1634 3028 1904 3089 τούτοισι.

307 3120 557 3192 Κροῖσος
587 3119 648 3177 δὲ
678 3117 978 3195 σπερχθεὶς
1009 3116 1149 3176 εἶπε·
1190 3116 1277 3176 “‹2’›
1308 3118 1449 3187 ξεῖνε
1473 3116 1748 3195 Ἀθηναῖε,
1775 3115 1814 3192 ἦ
1844 3116 1905 3175 δὲ

302 3201 544 3281 ἡμετέρη
571 3204 883 3282 εὐδαιμονίη
897 3203 1048 3265 ‘chrm
1070 3230 1161 3265 τοι
1184 3203 1516 3283 ἀπέρριπται
1540 3210 1596 3269 ἐς
1623 3205 1691 3266 τό
1714 3203 1903 3281 μηδὲν,

305 3287 452 3350 ὥστε
483 3290 606 3350 οὐδὲ
638 3292 886 3352 ἰδιωτέων
919 3290 1131 3369 α’νδρῶν
1160 3291 1345 3363 ἀξίους
1368 3292 1544 3372 ἡμέας
1576 3286 1905 3367 ἐποίησας;”
