2250 3500
368 136 490 186 162
961 129 1330 180 ‘HPOAOTo'r
1860 131 1965 197 [11.

365 213 755 298 [ἐπιμέμνηται
791 210 851 272 δὲ
887 209 980 271 καὶ
1017 215 1076 271 ἐν
1104 207 1487 290 Ὀδυσσείῃ,’
1461 236 1520 271 εν
1553 209 1772 274 τοῖσίδε
1810 217 1967 276 τοῖσι

366 304 544 363 ἔπεσι·

396 433 513 481 Τοῖα
546 431 656 482 Διὸς
689 431 905 494 θυγάτηρ
939 431 1024 492 ἔχε
1057 430 1289 494 φάρμακα
1321 430 1595 492 μητιόεντα,

395 505 562 563 ἐσθλὰ,
601 504 667 552 τά
700 505 744 552 oz
775 505 1066 562 Πολύδαμνα
1100 503 1258 564 πόρεν,
1294 504 1451 552 θῶνος
1489 503 1773 565 παράκοιτις

394 575 657 637 Αἰγυπτίη·
695 577 759 636 τῇ
792 577 1004 623 πλεῖστα
1037 575 1172 636 φέρει
1206 574 1421 635 ζείδωρος
1458 574 1637 636 οἶρουρα

394 648 643 710 φάρμακα,
672 649 838 696 πολλὰ
859 647 947 706 μὲν
973 641 1129 695 ἐσθλὰ,
1151 647 1438 706 μεμιγμένα,
1464 649 1633 696 πολλὰ
1658 649 1711 698 δὲ
1734 649 1910 713 λυγρά.

361 767 454 829 καὶ
479 767 612 830 τάδε
640 767 799 846 ἔτερα
824 745 967 844 πρὸς
990 764 1332 845 Τηλέμαχον
1358 766 1655 831 Μενέλεως
1681 766 1858 850 λέγει·

457 908 694 968 Αἰγύπτῳ
725 905 775 965 μ’
800 905 873 954 ἔτι
905 907 1042 966 δεῦρο
1076 906 1175 953 θεοὶ
1205 905 1440 964 μεμαῶτα
1472 905 1663 955 νέεσθαι

457 980 618 1040 ἔσχον,
656 979 762 1026 ἐπεὶ
795 979 850 1027 οὔ
881 983 997 1039 σφιν
1029 977 1167 1040 ἔρεξα
1199 978 1469 1036 τεληέσσας
1502 975 1821 1044 ἑκατόμβαι]

361 1102 421 1157 ἐν
451 1094 704 1158 τούτοισι
736 1099 891 1161 τοῖσι
928 1097 1088 1158 ἔπεσι
1124 1096 1293 1172 δηλοῖ
1325 1096 1413 1158 ὅτι
1443 1094 1730 1174 Ιἧπίσταϊο
1765 1097 1870 1176 τήν
1903 1103 1960 1165 ἔς

359 1185 646 1265 Αἴγυπτον
671 1184 1046 1263 Ἀλεξάνδρου
1077 1184 1320 1260 πλάνην·
1362 1183 1621 1263 ὁμουρέει
1649 1185 1761 1266 γάρ
1786 1186 1826 1262 ἦ
1853 1188 1959 1252 Συ·

357 1274 451 1349 ρίη
478 1272 757 1354 Αἰγύπτῳ,
781 1276 836 1334 οἱ
861 1273 920 1334 δὲ
946 1273 1211 1344 Φοίνικες,
1238 1276 1349 1333 τῶν
1377 1273 1500 1333 ε’στὶ
1523 1272 1562 1349 ἦ
1589 1272 1784 1346 Σιδὼν,
1808 1280 1865 1336 ἐν
1883 1270 1958 1355 τῇ

267 1360 380 1422 117
401 1362 574 1441 Συρίῃ
603 1363 867 1423 οἰκέουσι.
936 1361 1103 1422 Κατοὶ
1133 1364 1311 1422 ταῦτα
1337 1360 1397 1421 δὲ
1428 1361 1501 1421 ’τοὶ
1538 1363 1674 1421 ἔπεα
1710 1363 1803 1422 καὶ
1830 1363 1959 1424 τόδε

358 1448 424 1510 τό
458 1451 663 1530 χωρίον
691 1449 791 1510 οὖκ
817 1449 1024 1526 ἥκιστα
1052 1447 1209 1509 άλλοὶ
1242 1447 1515 1526 μάλιστα,
1544 1448 1713 1525 δηλοῖ
1744 1449 1832 1510 ὅτι
1858 1450 1958 1511 οὐκ

357 1535 611 1616 Ὀμήρου
635 1537 708 1599 τοὶ
734 1537 965 1616 Κύπρια
993 1535 1127 1598 ἔπεά
1155 1541 1279 1598 ἔστι
1304 1534 1438 1596 ἀλλ’
1457 1535 1644 1596 ἅλλου
1666 1537 1835 1601 τινός.
1899 1543 1959 1600 ε’ν

356 1628 461 1701 μὲν
501 1625 614 1707 γοῖρ
656 1629 811 1686 τοῖσι
853 1624 1165 1702 Κυπρίοισι
1205 1623 1432 1702 εἴρηται,
1476 1622 1550 1687 ὥς
1592 1627 1841 1703 τριταῖος
1896 1631 1957 1691 ἐκ

301 1776 306 1779 ,
359 1711 623 1789 Σπάρτης
646 1711 1018 1791 Ἀλέξανδρος
1043 1710 1274 1773 ἀπίκετο
1304 1716 1359 1776 ἐς
1384 1711 1450 1773 τὰ
1472 1709 1657 1775 Ἴλιον
1682 1711 1831 1795 ἄγων
1854 1713 1957 1792 τήν

354 1798 607 1876 Ἑλένην,
631 1799 783 1860 εὖαέῖ
805 1826 870 1860 τε
894 1799 1167 1877 πνεύματι
1184 1800 1544 1879 χρησάμενος
1571 1827 1663 1861 και
1642 1802 1957 1883 θαλάσσῃ

360 1887 506 1966 λείῃ·
549 1893 609 1947 ἐν
640 1886 700 1946 δὲ
729 1885 930 1947 Ἰλιάδι
965 1888 1122 1969 λέγει
1156 1887 1228 1951 ὥς
1264 1888 1609 1960 ἔπλάζετο”
1574 1916 1724 1971 αγων
1762 1889 1955 1979 αὐτήν.

346 1974 602 2054 Ομηρος
626 1975 731 2053 μέν
757 2000 854 2037 νυν
881 1975 973 2035 καὶ
996 2001 1070 2037 τα
1098 1974 1386 2053 Κύπρια”
1357 2002 1492 2037 επεα
1516 1978 1776 2057 χαιρέτω.

265 2065 382 2125 118
437 2065 747 2144 Εἶρομένου
788 2064 852 2124 δέ
885 2089 993 2142 μευ
1032 2090 1163 2127 τους
1208 2064 1371 2142 ἱρέας,
1405 2069 1460 2125 εἰ
1500 2065 1741 2143 μάταιον
1778 2064 1956 2149 λόγον

357 2154 595 2236 λέγουσι
628 2157 683 2215 οἱ
707 2152 986 2229 Ἕλληνες
1013 2151 1086 2213 τοὶ
1116 2152 1245 2230 περὶ
1270 2150 1454 2212 ''Iva
1478 2152 1826 2234 γενέσθαι,
1789 2180 1827 2229 η
1854 2154 1950 2215 οὗ·
1934 2200 1951 2225 ,

356 2241 580 2317 ἔφασαν
611 2240 753 2319 πρὸς
784 2245 962 2302 ταῦτα
991 2240 1189 2311 τάδε,“
1172 2238 1458 2319 ιστορίῃσι
1485 2239 1730 2318 φάμενοι
1757 2242 1955 2302 εἰδέναι

356 2327 487 2406 παρ’
515 2327 682 2388 αὐτοῦ
708 2328 991 2389 Μενέλεω·
1027 2328 1213 2388 ἐλθεῖν
1235 2329 1341 2405 μὲν
1364 2328 1476 2408 γὰρ
1502 2327 1646 2404 μετα
1669 2327 1774 2405 τήν
1796 2329 1954 2389 Ἑλέ-

355 2440 454 2489 νης
474 2414 735 2495 ἁρπαγὴν
755 2419 810 2478 ἐς
827 2414 932 2490 τὴν
950 2414 1218 2492 Τευκρίδα
1236 2418 1347 2497 γῆν
1369 2415 1660 2491 Ἑλλήνων
1680 2441 1955 2495 στρατιην

355 2501 599 2577 πολλην,
620 2502 948 2578 βοηθεῦσαν
966 2503 1250 2562 Μενέλεω·
1283 2504 1542 2579 ἐκβᾶσαν
1567 2503 1680 2561 δε’
1652 2529 1709 2567 ες
1732 2507 1841 2585 γῆν
1860 2505 1957 2564 καὶ

357 2588 674 2667 ἱδρυθεῖσαν
697 2588 804 2666 τήν
831 2615 1102 2668 στρατιην
1125 2592 1369 2670 πέμπειν
1401 2596 1457 2655 ἐς
1484 2618 1551 2652 το
1578 2589 1826 2652 ”’1λιον
1788 2592 1955 2673 αγγέ-

353 2680 509 2742 λους·
549 2703 658 2739 συν
683 2677 747 2738 δέ
770 2682 931 2754 σφι’
913 2677 1049 2738 ιέναι
1075 2678 1169 2737 καὶ
1195 2676 1366 2739 αὖτον
1391 2679 1711 2738 Μενέλεων·
1750 2677 1881 2743 τοῦς
1906 2676 1956 2739 δ’

355 2766 482 2826 ε’πεί
509 2791 574 2828 τε
605 2766 861 2828 ε’σελθεῖν
895 2770 951 2829 ἐς
983 2790 1050 2827 το
1081 2768 1284 2845 τεῖχος,
1312 2765 1593 2827 ἀπαιτέειν
1622 2765 1859 2843 Ἑλένην
1892 2790 1958 2828 τε

352 2853 446 2911 καὶ
472 2853 546 2914 τά
583 2853 848 2934 χρήματα
880 2854 956 2914 w}
991 2856 1046 2913 οἱ
1085 2854 1273 2932 οἴχετο
1314 2854 1527 2933 κλέψας
1564 2852 1955 2931 Ἀλέξανδρος,

355 2944 466 3001 τῶν
490 2966 553 3000 τε
589 2940 940 3017 οἷδικηματων
971 2941 1125 3003 δίκας
1157 2940 1375 3001 αἰτέειν·
1414 2966 1547 3004 τους
1583 2940 1645 3000 δὲ
1678 2940 1958 3019 Τευκρους

351 3050 452 3085 τον
503 3026 675 3087 αὖτόν
722 3027 901 3109 λόγον
945 3027 1136 3106 λέγειν
1181 3026 1310 3086 τότε
1356 3029 1450 3087 καὶ
1496 3028 1813 3104 μετέπειτα,
1860 3027 1959 3087 καὶ

351 3110 626 3185 ὀμνύντας
661 3112 754 3172 καὶ
793 3113 1053 3191 οἷνωμοτὶ,
1085 3137 1168 3187 μη
1209 3137 1313 3188 μεν
1354 3114 1500 3193 ἔχειν
1536 3114 1777 3191 Ἑλένην
1811 3115 1959 3194 μηδὲ

351 3195 425 3254 τοὶ
451 3198 855 3275 ἐπικαλευμενα
877 3197 1161 3278 χρήματα,
1190 3195 1321 3256 ἀλλ’
1350 3201 1489 3261 εἶναι
1514 3199 1657 3262 αὔτα
1682 3201 1869 3263 πάντα
1896 3206 1959 3264 ἐν

354 3281 635 3360 Αἰγύπτῳ·
678 3284 770 3343 καὶ
801 3283 903 3344 οὔκ
937 3282 1009 3344 ἂν
1035 3283 1253 3348 δικαίως
1284 3284 1443 3347 αὐτοὶ
1474 3287 1693 3351 δίκας“
1660 3290 1889 3368 υπέχειν
1916 3316 1958 3351 α.
