2250 3500
313 112 595 177 119-122]
974 114 1249 166 eAAmA.
1812 116 1914 167 259

302 191 559 271 ὕπαρχος
586 190 861 270 Ὀροίτης,
888 191 1031 271 οἷνήρ
1072 194 1324 271 Πέρσης.
1392 190 1556 257 οὗτος
1585 191 1908 271 ἔπεθύμησε

304 279 637 360 πρήγματος
662 279 762 339 οὐκ
787 278 972 340 ὁσίου·
1014 277 1142 340 οὔτε
1166 280 1278 360 γάρ
1303 304 1362 340 τι
1386 280 1580 341 παθών
1599 279 1726 342 οὔτε
1750 279 1913 342 ἐκού-

303 392 417 431 σας
454 365 693 443 μάταιον
732 367 865 431 ἔπος
903 367 1045 446 πρός
1087 367 1483 445 Πολυκράτεος
1526 372 1628 428 τοῦ
1675 369 1910 447 Σαμίου,

303 452 434 515 οὔτε
458 454 586 515 ἰδών
608 454 896 533 πρότερον,
913 454 1180 532 ἐπεθύμεε
1199 454 1400 531 λαβών
1416 453 1584 515 αύτόν
1603 455 1904 529 οἷπολέσαι,

304 542 380 607 ὥς
407 543 513 619 μὲν
546 545 598 603 οἰ
631 546 865 607 πλεῦνες
900 544 1153 624 λέγουσι,
1181 542 1274 602 διὰ
1307 540 1526 617 τοιήνδε
1559 542 1682 603 τινοὶ
1709 545 1909 621 αἰτίην·

304 631 400 690 ἐπὶ
424 634 535 691 τῶν
559 631 839 707 βασιλέος
864 630 1071 708 θυρέων
1096 628 1408 708 κατήμενον
1431 628 1532 691 τόν
1557 654 1620 691 τε
1642 628 1906 707 Ὀροίτην

306 718 403 777 καὶ
446 716 631 777 ἄλλον
672 718 924 795 Πέρσην,
967 721 1045 797 τῷ
1086 716 1298 794 οὔνομα
1339 715 1479 777 εἶναι
1517 715 1910 795 Μιτραβάτεα,

304 807 481 881 νομοῦ
516 802 765 885 ἄρχοντα
786 808 888 865 τοῦ
914 809 974 865 έν
1000 805 1352 884 Δασκυλείῳ,
1378 802 1609 869 τούτους
1635 808 1696 863 ἐκ
1719 801 1908 885 λόγων

308 895 365 954 ἐς
409 892 591 951 νείκεα
634 892 995 970 συμπεσέειν·
1050 892 1383 970 κρινομένων
1417 891 1479 952 δὲ
1520 891 1652 969 περὶ
1688 890 1905 969 ἀρετῆς,

308 982 481 1040 εἰπεῖν
502 978 604 1041 τᾶν
630 979 1007 1057 Μιτραβάτεα
1030 983 1109 1059 τῷ
1133 979 1363 1061 Ὀροίτῃ
1381 979 1759 1057 προφέροντα·
1789 978 1909 1040 “o-1)

304 1064 417 1148 γὰρ
454 1072 513 1128 ἐν
546 1066 759 1145 α’νδρῶν
782 1066 953 1149 λόγῳ,
980 1066 1043 1131 ὃς
1070 1067 1318 1144 βασιλέϊ
1343 1070 1520 1145 νῆσον
1547 1066 1742 1145 Σάμον
1765 1066 1909 1145 πρός

304 1158 383 1234 τῷ
412 1159 499 1233 σῷ
533 1159 686 1235 νομῷ
724 1156 1138 1232 προσκειμένην
1163 1182 1229 1216 ου
1261 1154 1680 1234 προσεκτήσαο,
1708 1152 1812 1217 ὦδε
1837 1155 1910 1233 δή

304 1266 362 1303 τι
396 1246 602 1304 έοῦσαν
632 1242 865 1303 ευπετέα
892 1244 1266 1322 χειρωθῆναι,
1304 1242 1411 1318 τήν
1449 1246 1562 1303 τῶν
1591 1268 1676 1306 τις
1711 1248 1908 1323 επιχω-

302 1330 437 1407 ρίων
462 1330 855 1391 πεντεκαίδεκα
846 1329 1208 1441 ηὸπλίτῃσιῧ
1181 1354 1501 1392 επαναστας
1525 1330 1680 1407 ἔσχε,
1701 1330 1794 1389 καὶ
1811 1333 1910 1391 νῦν

306 1416 479 1494 αὖτῆς
512 1416 880 1496 τυραννεύειῗ
947 1420 1003 1477 οἰ
1032 1443 1138 1494 μεν
1164 1416 1234 1492 δή
1258 1416 1356 1493 μίν
1381 1421 1531 1493 φασι
1555 1418 1722 1476 τοῦτο
1749 1414 1910 1475 ἀκού-

305 1530 504 1576 σαντα,
538 1507 633 1565 καὶ
670 1504 1005 1587 ἀλγήσαντα
1042 1507 1121 1584 τῷ
1169 1503 1382 1574 ὀνείδεϊ,
1419 1504 1764 1579 ἐπιθυμῆσαι
1807 1501 1909 1563 οὔκ

306 1591 449 1653 οὕτω
485 1592 587 1655 τᾶν
618 1593 849 1655 εἴπαντα
886 1596 1063 1653 ταῦτα
1098 1591 1396 1661 τίσασθαι,
1430 1590 1501 1657 ὥς
1535 1588 1908 1668 Πολυκράτεα

304 1678 522 1745 πάντως
546 1678 831 1741 ἀπολέσαι
857 1680 925 1741 δι’
952 1679 1017 1741 ὅν
1040 1706 1168 1741 τινα
1193 1682 1372 1743 κακῶς
1396 1677 1628 1757 ἤκουσε.
1697 1682 1772 1741 Οἱ
1807 1678 1866 1739 δὲ
1887 1680 1991 1741 12]

306 1767 618 1834 ἐλάσσονες
651 1770 905 1851 λέγουσι,
946 1769 1168 1850 πέμψαι
1203 1766 1462 1846 Ὀροίτεα
1497 1774 1553 1833 ἐς
1590 1766 1784 1846 Σάμον
1813 1768 1908 1844 κη’-

304 1881 449 1933 ρυκα
487 1854 614 1918 ὅτευ
649 1856 718 1933 δὴ
754 1857 1043 1936 χρήματος
1078 1856 1440 1934 δεησόμενον·
1481 1855 1548 1918 οὗ
1577 1855 1688 1938 γοῖρ
1729 1854 1803 1917 ὧν
1838 1855 1908 1932 δὴ

303 1943 474 2004 τοῦτό
501 1968 570 2024 γε
601 1945 845 2025 λέγεται·
885 1945 981 2004 καὶ
1004 1943 1106 2006 τᾶν
1132 1943 1506 2021 Πολυκράτεα
1528 1945 1717 2022 τυχεῖν
1743 1965 1907 2002 κατα-

307 2031 559 2109 κείμενον
582 2035 641 2092 έν
666 2031 943 2109 ἀνδρεῶνι,
969 2034 1228 2108 παρεῖναι
1253 2029 1316 2089 δέ
1341 2032 1396 2090 οῖ
1422 2030 1516 2088 καὶ
1537 2029 1908 2107 Ἀνακρέοντα

306 2117 410 2178 τόν
434 2117 624 2196 Τήϊον·
666 2119 766 2180 καί
801 2144 923 2190 κως,
952 2117 1047 2178 εἴτ’
1076 2121 1138 2177 ἐκ
1163 2116 1428 2194 προνοίης
1462 2113 1632 2176 αὖτόν
1670 2119 1909 2192 κατηλο-

304 2207 511 2288 γέοντα
534 2204 605 2267 w)
632 2205 897 2285 Ὀροίτεω
921 2205 1246 2287 πρήγματα,
1273 2203 1384 2264 εἴτε
1409 2204 1502 2262 καὶ
1526 2203 1797 2282 συντυχίη
1822 2228 1908 2268 τις

306 2293 539 2371 τοιαύτη
570 2295 879 2376 ἐπεγένετο·
918 2293 1018 2354 τόν
1043 2317 1106 2353 τε
1131 2292 1243 2374 γοῖρ
1272 2289 1483 2369 κήρυκα
1511 2289 1612 2351 τᾶν
1643 2289 1908 2370 Ὀροίτεω

308 2382 666 2460 παρελθόντα
684 2382 1062 2464 διαλέγεσθαι,
1080 2381 1174 2440 καὶ
1191 2377 1291 2441 τᾶν
1315 2377 1702 2458 Πολυκράτεα,
1721 2383 1910 2459 τυχεῖν

305 2469 420 2552 γὰρ
459 2469 917 2548 ἐπεστραμμένον
950 2467 1092 2546 πρός
1123 2467 1226 2528 τᾶν
1254 2471 1464 2548 τοῖχον,
1498 2466 1626 2528 οὔτε
1654 2493 1711 2528 τι
1740 2493 1906 2544 μετα-

306 2561 635 2635 στραφῆναι
660 2555 788 2617 ofin
812 2555 1239 2633 ὗποκρίνασθαι·
1281 2556 1468 2616 Αἰτίαι
1493 2557 1598 2632 μὲν
1616 2555 1685 2632 δή
1707 2553 1870 2616 αὗται
1889 2556 2002 2614 122

307 2645 575 2721 διφάσιαι
614 2645 879 2754 λέγονται
921 2647 1023 2705 τοῦ
1070 2642 1312 2705 θανάτου
1364 2647 1466 2704 τοῦ
1517 2640 1911 2718 Πολυκράτεος

305 2734 592 2815 γενέσθαι·
630 2733 873 2812 πάρεστι
908 2731 969 2792 δὲ
1006 2731 1306 2816 πείθεσθαι
1336 2729 1569 2808 ὁκοτέρῃ
1593 2753 1677 2791 τις
1702 2727 1908 2803 βούλε-

306 2845 403 2882 ται
438 2819 663 2882 αὐτέων.
730 2821 764 2882 ὅ
796 2818 944 2898 δη’
904 2845 978 2880 ων
1006 2818 1284 2896 Ὀροίτης,
1313 2814 1617 2892 ἶζόμενος’
1591 2839 1650 2874 εν
1675 2820 1907 2894 Μαγνη-

306 2909 411 2988 σίῃ
444 2911 518 2988 τῇ
552 2908 692 2986 υπέρ
726 2906 1051 2984 Μαιάνδρου
1080 2905 1342 2978 ποταμοῦ
1381 2901 1662 2980 οἰκημένῃ,
1697 2901 1907 2976 ἔπεμπε

306 2995 553 3073 Μύρσον
576 2995 679 3057 τόν
702 2995 895 3077 Γύγεω
928 2993 1103 3072 ἄνδρα
1127 2989 1365 3054 Λυδον’
1339 3014 1395 3052 ες
1421 2987 1613 3096 Σάμον
1637 2987 1908 3070 ἀγγελίην

308 3083 575 3162 φέροντα,
600 3082 797 3160 μαθών
820 3084 922 3143 τοῦ
948 3076 1382 3187 Πολυκράτεος
1377 3075 1478 3136 τόν
1503 3073 1651 3137 νόον.
1718 3077 1908 3134 Πολυ-

309 3170 516 3248 κράτης
550 3169 665 3252 γάρ
707 3175 831 3230 ἐστι
868 3171 1087 3244 πρῶτος
1110 3169 1223 3226 τῶν
1246 3162 1407 3241 ἡμεῖς
1437 3163 1596 3239 ἴδμεν
1617 3159 1910 3238 Ἑλλήνων

306 3256 375 3323 ὃς
413 3242 930 3336 θαλασσοκρατέειν
955 3251 1246 3329 ἐπενοήθη,
1272 3249 1454 3328 πάρεξ
1475 3248 1699 3313 Μίνωός
1720 3273 1782 3308 τε
1805 3249 1909 3309 τοῦ
