2250 3500
306 114 408 163 226
928 113 1299 163 ἭΡοΔοίΌϊ
1783 111 1915 174 [111.

311 188 446 299 ἐμός
466 216 531 251 τε
555 196 688 255 παῖς
712 193 806 252 καὶ
838 191 1120 269 Κορίνθου
1143 194 1246 266 τῆς
1271 188 1595 267 εὖδαίμονος
1617 190 1922 266 βασιλεῦς,

308 262 527 353 άλητην
565 280 701 354 βίον
740 280 891 339 εἵλευ
930 278 1304 339 ἀντιστατέων
1332 303 1398 338 τε
1431 278 1524 336 καὶ
1559 276 1705 359 ὀργῇ
1744 278 1921 356 χρεώ-

310 390 479 442 μενος
513 370 570 429 ἐς
607 366 707 427 τόν
736 392 808 426 σε
837 366 1047 443 ἥκιστα
1083 370 1273 445 ἐχρῆν·
1316 370 1366 424 εἰ
1388 364 1500 446 γάρ
1528 390 1614 428 τις
1641 365 1920 443 συμφορὴ

314 457 375 512 ἐν
407 453 631 514 αὐτοῖσι
666 454 918 536 ἐγεγόνεε
943 454 1006 523 ἐξ
1029 451 1098 529 ἧς
1123 453 1374 532 ὖποψίην
1401 458 1457 515 ἐς
1484 454 1583 529 ἐμὲ
1610 453 1768 532 ἔχεις,
1798 454 1929 529 ε’μοί

314 566 377 601 τε
404 541 545 618 αὕτη
570 543 769 625 γέγονε
795 543 889 601 καὶ
916 542 1024 624 ἐγώ
1052 540 1223 617 αὐτῆς
1245 539 1313 601 τό
1339 544 1519 620 πλεῦν
1542 540 1784 619 μέτοχός
1811 545 1924 617 εἰμι

316 628 437 709 ὅσῳ
478 629 645 694 αὐτός
690 635 811 705 σφε
865 628 1274 711 ἐξεργασάμην·
1329 627 1405 688 σύ
1458 627 1519 686 δὲ
1563 627 1760 704 μαθῶν
1805 628 1925 709 ὅσῳ

319 718 663 793 φθονέεσθαι
717 719 963 794 κρέσσον
1014 718 1140 778 ε’στὶ
1183 714 1222 793 ἦ
1277 716 1660 793 οἰκτείρεσθαι,
1704 714 1825 793 ἅμα
1860 742 1927 777 τε

318 805 507 867 ὁκοῖόν
530 832 589 867 τι
619 812 675 869 ἐς
702 804 833 869 τούς
856 806 1051 869 τοκέας
1078 804 1171 864 καὶ
1198 809 1254 867 ἐς
1277 802 1408 867 τούς
1433 804 1746 881 κρέσσονας
1768 806 1925 865 τεθυ-

318 894 564 969 μῶσθαι,
592 893 751 954 ἅπιθι
779 899 834 956 ἐς
857 893 929 953 τὰ
956 891 1154 953 οἰκία·”
1194 891 1537 969 Περίανδρος
1551 894 1656 969 μὲν
1673 891 1927 953 τσύτοισι

324 980 493 1041 αύτόν
531 981 945 1057 κατελάμβανε·
987 980 1020 1041 ὁ
1048 981 1109 1040 δὲ
1135 979 1286 1040 ἄλλο
1315 982 1420 1056 μὲν
1446 979 1603 1039 οὐδὲν
1627 979 1927 1057 ἀμείβεται

320 1066 421 1127 τᾶν
452 1070 683 1145 πατέρα,
712 1070 823 1144 ἔφη
850 1068 913 1128 δέ
934 1067 1186 1145 μινίρήν
1212 1068 1414 1143 ζημίην
1441 1066 1694 1142 ὀφείλειν
1717 1072 1798 1145 τῷ
1821 1068 1928 1147 θεῷ

322 1159 501 1235 ἑωυτῷ
527 1161 582 1220 ἐς
608 1155 813 1237 λόγους
839 1155 1193 1233 ἀπικόμενον·
1225 1154 1422 1231 μαθών
1441 1155 1500 1213 δὲ
1525 1155 1558 1215 ὁ
1585 1156 1928 1233 Περίανδρος

324 1244 397 1307 ὥς
428 1238 643 1322 ἄπορόν
670 1270 730 1305 τι
758 1243 827 1305 vd
861 1244 1031 1305 κακόν
1055 1245 1141 1320 εἴη
1178 1247 1280 1304 τοῦ
1305 1243 1504 1307 παιδὸς
1530 1244 1624 1302 καὶ
1649 1242 1926 1320 οἷνίκητον,

325 1334 389 1403 ἐξ
424 1333 739 1411 ὀφθαλμῶν
777 1360 877 1411 μιν
921 1333 1316 1410 ἀποπέμπεται
1353 1333 1587 1395 στείλας
1625 1335 1832 1391 πλοῖον
1873 1337 1929 1395 ἐς

324 1422 633 1500 Κέρκυραν·
675 1421 967 1500 ἐπεκράτεε
992 1421 1103 1500 γὰρ
1132 1421 1225 1479 καὶ
1249 1419 1471 1496 ταύτης·
1503 1419 1848 1483 ἀποστείλας
1868 1420 1928 1479 δὲ

322 1514 521 1571 τοῦτον
558 1509 591 1570 ὁ
631 1510 989 1588 Περίανδρος,
1019 1507 1384 1585 ἐστρατεύετο
1420 1507 1512 1567 ἐπὶ
1535 1507 1636 1568 τᾶν
1659 1508 1930 1585 πενθερόν

326 1599 593 1675 Προκλέα
635 1597 707 1661 ὥς
750 1601 863 1659 τῶν
907 1596 1228 1674 παρεόντων
1273 1597 1329 1656 οἱ
1378 1596 1722 1676 πρηγμάτων
1767 1596 1929 1657 ἐόντα

323 1684 665 1744 αἰτιώτατον·
720 1684 813 1743 καὶ
854 1684 969 1743 εἷλε
1007 1686 1111 1762 μὲν
1157 1682 1262 1760 τήν
1304 1682 1656 1762 Ἐπίδαυρον,
1705 1682 1823 1743 εἷλε
1867 1685 1930 1744 δὲ

226 1774 307 1832 53
324 1770 494 1833 αὗτόν
520 1772 806 1849 Προκλέα·
851 1772 969 1854 [καὶ
995 1771 1323 1854 ἐζώγρησε]
1388 1771 1548 1832 Ἐπεὶ
1567 1773 1642 1847 δὲ,
1669 1777 1772 1833 τοῦ
1795 1774 1928 1852 χρό’

325 1884 423 1919 νου
460 1858 885 1937 προβαίνοντος,
926 1859 959 1920 ὅ
996 1885 1059 1920 τε
1099 1860 1444 1938 Περίανδρος
1476 1859 1804 1937 παρηβήκεε
1836 1863 1928 1920 καὶ

327 1947 765 2030 συνεγινώσκετο
799 1950 977 2027 ἑωυτῷ
1015 1947 1198 2008 ούκέτι
1234 1948 1374 2008 εἶναι
1399 1948 1631 2011 δυνατός
1653 1948 1725 2008 τοὶ
1750 1949 1926 2030 πρήγ-

321 2061 475 2113 ματα
502 2040 709 2114 ἐπορᾶν
731 2062 794 2097 τε
821 2037 914 2096 καὶ
934 2037 1155 2106 διέπειν,
1177 2037 1404 2115 πέμψας
1430 2042 1486 2101 ἐς
1509 2037 1614 2112 τήν
1635 2038 1927 2115 Κέρκυραν
2001 2047 2010 2050 ”

326 2125 604 2186 α’πεκάλεε
641 2125 743 2187 τόν
768 2125 1109 2202 Λυκόφρονα
1136 2126 1228 2184 ἐπὶ
1252 2124 1357 2201 τήν
1381 2125 1694 2202 τυραννίδα·
1737 2131 1796 2185 ἐν
1817 2127 1926 2205 γὰρ

329 2212 398 2288 δὴ
430 2219 507 2293 τῷ
539 2215 909 2293 πρεσβυτέρῳ
943 2217 1054 2298 τῶν
1080 2213 1292 2273 παίδων
1319 2211 1419 2272 ούκ
1447 2213 1663 2290 ἐνεώρα,
1693 2212 1848 2272 ἀλλά
1873 2219 1928 2275 οἱ

326 2302 691 2377 κατεφαίνετο
729 2301 868 2361 εἶναι
902 2302 1261 2379 νωθέστερος·
1302 2299 1336 2361 ὅ
1370 2301 1430 2360 δὲ
1461 2300 1776 2378 Λυκόφρων
1803 2301 1928 2362 οὐδὲ

325 2387 648 2464 οἷνακρίσιος
672 2388 880 2463 ἠξίωσε
902 2387 1004 2449 τὸν
1026 2390 1277 2466 φέροντα
1298 2388 1403 2466 τήν
1428 2387 1716 2470 οἷγγελίην.
1759 2393 1927 2468 Περί-

325 2475 520 2552 ανδρος
558 2475 619 2534 δὲ
660 2476 1052 2555 περιεχόμενος
1095 2480 1197 2537 τοῦ
1242 2479 1476 2554 νεηνίεω,
1521 2477 1750 2555 δεύτερα
1795 2478 1924 2538 α’πέ-

325 2566 519 2622 στειλε
554 2561 640 2622 ἐπ’
667 2562 836 2624 ‹uh-‹31›
860 2564 966 2640 τήν
1000 2563 1286 2641 ἀδελφεὴν
1317 2569 1519 2626 ἑωυτοῦ
1544 2565 1605 2625 δὲ
1633 2567 1924 2647 θυγατέρα,

325 2651 527 2711 δοκέων
549 2678 647 2729 μιν
670 2651 927 2729 μάλιστα
942 2652 1114 2732 ταύτῃ
1141 2652 1210 2713 ἂν
1232 2653 1549 2714 πείθεσθαι·
1589 2651 1928 2732 ἀπικομένης

326 2741 386 2798 δὲ
425 2739 631 2816 ταύτης
670 2741 763 2800 καὶ
802 2740 1100 2822 λεγούσης·
1151 2750 1188 2777 “
1205 2740 1248 2800 ὦ
1289 2746 1408 2813 παῖ,
1448 2740 1691 2818 βούλεαι
1723 2742 1829 2818 τήν
1865 2768 1928 2803 τε

322 2829 617 2905 τυραννίδα
642 2833 699 2891 ἐς
723 2827 935 2892 ἄλλους
948 2830 1173 2889 πεσέειν
1193 2829 1285 2888 καὶ
1308 2829 1411 2890 τᾶν
1430 2830 1584 2890 οἰκον
1595 2833 1699 2891 τοῦ
1717 2831 1928 2907 πατρός

325 2915 737 2992 διαφορηθέντα
773 2921 1017 2993 μᾶλλον,
1043 2915 1081 2992 ἦ
1106 2915 1272 2979 αὐτός
1311 2924 1432 2993 σφε
1457 2917 1721 2979 άπελθῶν
1745 2920 1924 2999 ἔχεινς

326 3000 485 3062 ἄπιθι
526 3009 581 3065 ἐς
618 3002 691 3063 τοὶ
734 3005 897 3063 οἰκία·
950 3010 1169 3064 παῦσαι
1210 3007 1453 3066 σεωυτὸν
1491 3008 1720 3119 ζημιῶν·
1763 3011 1928 3083 φιλο-

322 3090 479 3166 τιμίη
507 3095 693 3167 κτῆμα
712 3092 931 3152 σκαιόν·
964 3117 1045 3168 μη
1064 3117 1143 3170 τῳ
1163 3117 1310 3171 κακῳ
1329 3093 1395 3153 τό
1415 3095 1584 3154 κακὸν
1605 3099 1688 3153 ἰῶ·
1717 3095 1930 3155 πολλοὶ

325 3178 437 3232 τῶν
467 3177 688 3237 δικαίων
716 3178 789 3238 τοὶ
824 3181 1205 3256 ἐπιεικέστερα
1229 3182 1582 3257 προτιθέασι·
1623 3183 1838 3243 πολλοὶ
1869 3183 1931 3243 δὲ

328 3254 437 3331 ἤδη
459 3285 532 3318 τα
556 3287 784 3341 μητρῳα
818 3264 1100 3341 διζήμενοι
1123 3291 1198 3324 τα
1221 3291 1452 3346 πατρῳα
1477 3267 1799 3344 ἀπέβαλον·
1835 3295 1930 3331 τυ-
