2250 3500
359 123 424 170 σο
964 119 1334 170 mmmmm
1860 115 1969 182 ·[1.

356 203 586 262 σκοπῶν
610 199 750 264 ὅκως
772 201 876 260 σοί
893 225 958 260 τε
984 197 1209 275 ποιήσω
1234 197 1376 259 κατὰ
1398 196 1546 269 νόον,
1574 196 1668 257 καὶ
1694 195 1802 279 ἐγὼ
1828 195 1974 274 πρὸς

359 289 431 347 σὲ
451 285 742 366 γινόμενος
766 285 1168 365 ἀναμάρτητος,
1192 284 1338 365 μήτε
1364 285 1599 366 θυγατρὶ
1621 288 1694 363 τῇ
1720 288 1802 363 σῇ
1825 284 1975 362 μήτε

358 373 504 452 αύτῷ
527 398 625 435 σοι
649 373 767 452 εἵην
791 373 1074 452 αὐθέντης.
1156 374 1327 433 ποιέω
1353 372 1421 449 δὴ
1446 371 1569 432 ὦδε·
1598 372 1849 434 καλέσας
1872 371 1975 434 τᾶν

356 460 644 539 βουκόλον
673 461 848 534 τόνδε,
882 462 1235 539 παραδίδωμι
1265 460 1334 521 vd
1379 459 1619 530 παιδίον,
1648 457 1763 535 φὰς
1796 460 1873 520 σε’
1908 487 1974 520 τε

360 549 499 610 εἶναι
512 547 612 610 τόν
627 549 926 610 κελεύοντα
941 549 1263 610 ἀποκτεῖναι
1279 546 1591 609 αὖτό-καὶ
1606 548 1789 628 λέγων
1801 547 1973 608 τοῦτό

358 663 428 720 γε
463 635 564 700 ούκ
602 637 930 716 ἐψευδόμην·
973 636 1048 697 σύ
1083 637 1196 719 γὰρ
1236 636 1525 696 ἐνετέλλεο
1566 632 1973 712 οὕτω-παρα-

359 725 555 804 δίδωμι
587 725 781 803 μέντοι
818 725 956 804 τιζδε
997 724 1138 784 κατοὶ
1176 724 1326 795 τάδε,
1366 721 1750 799 ἐντειλάμενος
1792 723 1977 784 θεῖναί

355 835 456 892 ’μιν
476 819 531 877 ἐς
552 819 760 893 ἐρῆμον
780 811 945 891 οὖρος
965 812 1058 871 καὶ
1077 811 1470 890 παραμένοντα
1490 809 1818 887 φυλάσσειν
1836 808 1972 889 ἄχρι

359 899 426 962 οὗ
457 900 801 978 τελευτήσει,
835 899 1153 975 ἀπειλήσας
1183 903 1423 960 παντοῖα
1451 898 1589 978 τῷδε
1620 895 1693 975 ἢν
1722 897 1805 975 μὴ
1836 899 1972 959 τάδε

359 989 620 1049 ἐπιτελέα
656 986 891 1068 ποιήσῃ·
933 988 1060 1048 ἐπεί
1087 1013 1152 1048 τε
1182 987 1244 1047 δὲ
1276 985 1621 1062 ποιήσαντος
1655 985 1859 1046 τούτου
1896 985 1971 1047 τοὶ

360 1075 696 1153 κελευόμενα
732 1075 1061 1152 ἐτελεύτησε
1099 1074 1167 1136 τό
1204 1075 1445 1146 παιδίον,
1480 1074 1709 1153 πέμψας
1738 1077 1851 1134 τῶν
1884 1074 1970 1135 εὖ·

358 1162 570 1242 νούχων
603 1189 733 1228 τους
766 1163 1155 1234 πιστοτάτους,
1193 1163 1287 1222 καὶ
1323 1162 1471 1223 εἶδον
1509 1161 1576 1221 δι’
1614 1161 1832 1222 ἐκείνων
1874 1165 1970 1224 καὶ

361 1249 545 1330 ἔθαψά
568 1276 685 1328 μιν.
767 1250 935 1314 οὕτως
961 1253 1113 1330 ἔσχε,
1144 1249 1187 1310 ὦ
1213 1252 1483 1327 βασιλεῦ,
1509 1251 1639 1327 περὶ
1662 1253 1763 1309 τοῦ
1787 1249 1969 1332 πρήγ-

357 1363 534 1416 ματος
556 1338 775 1400 τούτου·
817 1340 911 1399 καὶ
933 1339 1165 1418 τοιούτῳ
1190 1337 1345 1418 μόρῳ
1372 1336 1656 1418 ἐχρήσατο
1681 1337 1716 1398 ὁ
1741 1341 1895 1402 παῖς.
1894 1338 1929 1358 ”

267 1429 382 1490 118
429 1427 722 1510 Ἀρπαγος
744 1430 848 1506 μὲν
875 1425 945 1502 δη
967 1427 1068 1486 τόν
1095 1426 1216 1488 ἶθυν
1242 1429 1435 1503 ἔφαινε
1460 1425 1654 1508 λόγον.
1726 1424 1968 1510 'Amnis

357 1542 482 1625 γης,ι
497 1517 556 1576 δὲ
589 1517 840 1596 κρύπτων
869 1515 968 1576 τόν
997 1517 1051 1574 οἶ
1077 1515 1280 1593 ἐνείχεε
1304 1513 1484 1593 χόλον
1510 1513 1602 1574 δια
1624 1513 1690 1574 τό
1716 1515 1966 1595 γεγονὸς,

356 1609 552 1682 πρῶτα
569 1608 689 1682 μεν,
707 1601 953 1680 κατάπερ
972 1600 1185 1678 ἤκουσε
1204 1600 1369 1664 αὐτὸς
1386 1599 1528 1680 πρός
1550 1606 1652 1662 τοῦ
1676 1601 1968 1678 βουκόλου

361 1692 430 1753 τό
465 1696 718 1774 πρῆγμα,
754 1688 930 1751 πάλιν
965 1688 1243 1772 ἀπηγέετο
1272 1693 1351 1770 τῷ
1378 1687 1663 1772 Ἀρπάγω·
1705 1688 1849 1767 μετὰ
1888 1689 1965 1763 δὲ,

361 1778 434 1843 ὥς
466 1782 520 1839 οἱ
554 1777 992 1859 ἐπαλιλλόγητο,
1020 1778 1317 1855 κατέβαινε
1350 1778 1531 1858 λέγων
1565 1777 1638 1841 ὥς
1662 1787 1699 1812 “
1713 1778 1975 1854 περίεστί

363 1893 428 1928 τε
459 1864 492 1928 6
522 1870 687 1973 παῖς”
687 1866 780 1925 καὶ
811 1864 879 1926 τό
908 1864 1141 1947 γεγονός
1174 1868 1289 1945 ἔχει
1320 1870 1521 1929 καλῶς·
1547 1869 1625 1943 τῷ
1647 1890 1711 1925 τε
1734 1865 1843 1946 γοῖρ
1868 1892 1968 1926 πε-

358 1955 655 2035 ποιημένω,
655 1952 819 2067 ’Ἔφη
843 1955 1041 2035 λέγων,
1069 1964 1106 1990 “
1123 1959 1180 2017 ἐς
1196 1953 1295 2014 τόν
1314 1953 1489 2013 παῖδα
1506 1957 1705 2013 τοῦτον
1731 1956 1969 2030 ἔκαμνον

357 2044 634 2129 μεγάλως,
665 2044 758 2104 καὶ
791 2044 1026 2125 θυγατρὶ
1055 2046 1129 2121 τῇ
1162 2047 1269 2121 ἐμῇ
1303 2042 1756 2119 διαβεβλημένος
1780 2041 1881 2102 οὐκ
1909 2048 1970 2103 ἐν
2012 2068 2031 2085 ·

359 2137 588 2214 ἐλαφριῖ
616 2130 930 2211 ἐποιεύμην·
959 2130 1030 2195 ὦς
1055 2130 1129 2191 ὦν
1153 2134 1255 2205 τῆς
1277 2129 1450 2208 τύχης
1476 2127 1535 2189 εὖ
1559 2128 1966 2207 μετεστεώσης,

356 2228 524 2285 τοῦτο
553 2224 659 2300 μὲν
686 2221 787 2283 τδν
818 2224 1064 2281 σεωυτοῦ
1096 2219 1272 2278 παῖδα
1303 2217 1643 2296 ἀπόπεμψον
1678 2216 1834 2294 παρὰ
1865 2217 1969 2277 τόν

357 2311 533 2370 παῖδα
555 2310 656 2369 τὸν
679 2309 938 2385 νεήλυδα,
958 2312 1125 2368 τοῦτο
1146 2307 1223 2378 δὲ,
1245 2307 1505 2388 (σῶστρα
1521 2305 1633 2388 γὰρ
1651 2310 1752 2366 τοῦ
1767 2305 1971 2369 παιδός

359 2398 554 2473 μέλλω
581 2395 731 2455 θύειν
754 2400 908 2455 τοῖσι
934 2396 1073 2455 θεῶν
1096 2394 1234 2471 τιμὴ
1260 2393 1402 2472 αὕτη
1426 2392 1805 2473 προσκέεται)
1824 2393 1970 2472 πάρ-

268 2486 381 2544 119
403 2483 528 2543 ισθί
565 2505 666 2558 μοι
701 2482 793 2540 ἐπὶ
838 2480 1111 2542 δεῖπνον.”
1171 2482 1464 2564 Ἀρπαγος
1502 2485 1607 2560 μὲν
1644 2481 1719 2545 οἷς
1755 2480 1971 2557 ἤκουσε

356 2574 551 2641 ταῦτα,
578 2569 992 2646 προσκυνήσας,
1023 2570 1114 2629 καὶ
1139 2570 1366 2653 μεγάλα
1390 2569 1770 2648 ποιησάμενος
1793 2568 1881 2630 ὅτι
1904 2595 1971 2631 τε

356 2658 398 2737 ἦ
437 2656 688 2737 ἄμαρτάς
727 2660 784 2718 οἶ
823 2662 879 2722 ἐς
917 2658 1042 2719 δέον
1067 2658 1332 2740 ἐγεγόνεε
1375 2660 1467 2717 καὶ
1506 2657 1593 2719 ὅτι
1633 2658 1725 2717 ἐπὶ
1757 2656 1973 2737 τύχῃσι

358 2752 651 2828 χρηστῇσι
683 2746 775 2806 ἐπὶ
813 2746 1034 2807 δεῖπνον
1071 2748 1327 2822 κέκλητο,
1361 2744 1449 2821 ἤϊε
1482 2750 1537 2809 ἐς
1565 2742 1639 2806 τὰ
1665 2745 1830 2806 οἰκία·
1874 2750 1971 2806 ἐσ-

362 2835 542 2896 ελθῶν
578 2836 638 2897 δὲ
671 2834 788 2911 τήν,
807 2835 1102 2913 ταχίστην,
1139 2834 1211 2911 ἦν
1243 2833 1355 2915 γάρ
1394 2838 1448 2893 οἱ
1482 2838 1615 2897 παῖς
1651 2834 1728 2897 εἷς
1762 2837 1972 2910 μοῦνος

363 2925 487 2983 ἔτεα
515 2923 646 3001 τρία
679 2923 772 2981 καὶ
805 2922 938 2981 δέκα
969 2946 1069 2981 κου
1093 2922 1351 2998 μάλιστα
1374 2921 1631 3003 γεγονῶς,
1657 2926 1857 2982 τοῦτον
1883 2927 1971 2981 ἐκ·

361 3010 586 3086 πέμπει,
615 3010 753 3069 ἰέναι
776 3033 839 3068 τε
866 3007 1103 3067 κελεύων
1138 3013 1193 3070 ἐς
1215 3006 1560 3090 Ἀστυάγεος
1585 3010 1677 3068 καὶ
1700 3009 1911 3069 ποιέειν
1936 3009 1971 3069 ὅ

360 3120 420 3154 τι
443 3095 512 3155 ἂν
538 3100 740 3157 ἐκεῖνος
766 3094 984 3172 κελεύῃ·
1012 3093 1179 3155 αὖτ’-ὂς
1204 3094 1265 3151 δὲ
1290 3094 1595 3173 περιχαρὴς
1621 3096 1738 3167 ἐὼν,
1769 3097 1973 3174 φράζει

364 3183 438 3254 τῇ
465 3182 682 3256 γυναικὶ
711 3181 782 3239 τοὶ
813 3179 1268 3260 συγκυρήσαντα.
1346 3179 1666 3263 Ἀστυάγης
1701 3182 1855 3254 δὲ’
1814 3210 1886 3246 ως
1918 3187 1973 3243 οἱ

369 3261 598 3321 α’πίκετο
638 3266 670 3323 ὁ
707 3266 998 3346 Ἀρπάγου
1037 3268 1187 3335 παῖς,
1229 3264 1454 3341 σφάξας
1494 3268 1662 3329 αὖτόν
1702 3272 1794 3352 καὶ
1829 3270 1973 3331 κατὰ
