2250 3500
347 105 447 153 110
965 100 1331 152 ‘ntvoro‘r
1414 153 1431 176 ,
1846 102 1955 168 [11.

349 182 623 258 τημέρους
645 179 877 262 ἄγοντες
897 181 1029 246 τοῦς
1051 180 1293 242 δυώδεκα
1316 183 1515 258 μῆνας,
1542 180 1823 263 ἐπάγουσι
1848 182 1959 244 dvo}

351 273 466 328 πᾶν
492 268 612 332 ἔτος
635 268 802 330 πέντε
825 269 1034 346 ἡμέρας
1055 267 1238 344 πάρεξ
1268 271 1370 329 τοῦ
1396 267 1659 346 ἀριθμοῦ·
1713 269 1813 330 καί
1842 276 1960 348 σφι

352 355 389 416 ὅ
427 355 630 421 κύκλος
664 360 775 417 τῶν
807 356 988 435 ὦρέων
1019 362 1074 421 ἐς
1101 354 1278 426 τῶυτό
1318 355 1544 433 περιῖὢν
1569 359 1959 438 παραγίνεται.

351 443 592 504 δυώδεκά
615 470 679 506 τε
705 447 845 507 θεῶν
871 444 1177 522 ἐπωνυμίας
1202 446 1399 525 ἔλεγον
1418 442 1671 522 πρώτους
1689 449 1963 527 Αἰγυπτί-

354 557 450 597 ους
473 534 720 610 νομίσαι,
760 534 854 593 καὶ
872 533 1164 609 Ἕλληνας
1196 531 1352 610 παρὰ
1388 532 1585 608 σφέων
1622 531 1957 610 ἀναλαβεῖν·
1990 587 1995 590 .

351 621 584 699 βωμούς
620 647 684 683 τε
719 622 812 682 καὶ
841 621 1147 703 α’γάλματα
1179 620 1273 680 καὶ
1318 619 1482 696 νηοῦς
1520 621 1707 681 θεοῖσι
1735 620 1963 683 ἀπονεῖ-

352 735 458 786 μαι
499 710 685 787 σφέας
723 709 989 786 πρώτους,
1022 709 1116 767 καὶ
1149 708 1263 779 ζῶα
1303 711 1363 768 ἐν
1398 708 1615 769 λίθοισι
1656 708 1958 790 ἐγγλύψαι.

355 800 450 858 καὶ
490 798 700 860 τούτων
738 798 844 875 μέν
883 823 979 858 νυν
1016 795 1090 857 τὰ
1132 797 1287 856 πλέω
1334 796 1475 878 ἔργῳ
1528 795 1763 872 ἐδήλουν
1814 797 1963 860 οὕτω

353 886 640 966 γενόμενα·
694 887 1048 963 βασιλεῦσαι
1079 884 1143 944 δὲ
1172 887 1394 962 πρῶτον
1425 882 1714 964 Αἰγύπτου
1746 884 1962 964 ἀνθρώ-

354 999 474 1034 πων
499 974 694 1054 ἔλεγον
719 975 911 1047 Μῆνα·
958 972 1051 1032 ε’πὶ
1079 971 1298 1044 τούτου,
1337 972 1493 1048 πλὴν
1525 975 1628 1032 τοῦ
1662 975 1962 1050 Θηβαϊκοῦ

355 1063 530 1137 νομοῦ
563 1065 758 1121 πᾶσαν
792 1060 1080 1142 Αἴγυπτον
1110 1059 1251 1120 εἶναι
1286 1059 1429 1124 ἕλος·
1489 1061 1583 1120 καὶ
1622 1059 1793 1136 αὐτῆς
1819 1062 1963 1122 εἶναι

355 1147 515 1209 οὐδὲν
543 1147 815 1228 ὑπερέχον
844 1152 955 1209 τῶν
989 1150 1089 1209 νῦν
1123 1148 1309 1225 ἔνερθε
1348 1149 1550 1224 λίμνης
1581 1151 1685 1225 τῆς
1718 1149 1962 1227 Μοίριος

358 1234 575 1297 ἐόντων·
631 1241 686 1302 ἐς
718 1235 823 1312 τήν
852 1234 1137 1302 ἀνάπλους
1170 1235 1285 1296 ἀπὸ
1319 1235 1621 1312 θαλάσσης
1660 1235 1799 1298 ἑπτὰ
1822 1238 1962 1316 ἦμε-

300 1326 341 1384 5
353 1324 494 1402 ρέων
533 1325 658 1386 ε’στὶ
703 1323 810 1386 olvat
845 1324 946 1385 τόν
983 1323 1261 1402 ποταμόν.
1344 1324 1461 1383 Καὶ
1502 1323 1562 1383 εὖ
1601 1349 1703 1401 μοι
1738 1323 1963 1388 ἐδόκεον

355 1414 544 1496 λέγειν
569 1415 698 1493 περὶ
722 1417 825 1491 τῆς
859 1411 1059 1493 χώρης·
1118 1411 1267 1488 &ha
1299 1410 1410 1493 γὰρ
1448 1411 1518 1488 δή
1550 1413 1645 1472 καὶ
1677 1411 1758 1490 μῆ
1785 1439 1961 1490 προα-

347 1501 626 1566 κούσαντι
657 1502 828 1564 ἰδόντι
855 1501 930 1571 δὲ,
973 1499 1136 1564 ὅστις
1164 1525 1233 1581 γε
1258 1497 1489 1560 σύνεσιν
1520 1500 1648 1579 ἔχει,
1675 1499 1765 1561 ὅτι
1789 1503 1962 1583 Αἴγυ-

357 1616 512 1662 πτος,
571 1595 628 1654 ἐς
679 1588 787 1668 τήν
828 1588 1108 1663 Ἕλληνες
1154 1587 1566 1658 ναυτίλλονται,
1620 1588 1745 1648 ἔστι
1789 1592 1961 1671 Αἰγυ-

355 1678 575 1738 πτίοισι
601 1675 890 1754 ἐπίκτητός
911 1699 974 1734 τε
993 1679 1071 1756 γῆ
1099 1675 1191 1734 καὶ
1217 1675 1392 1753 δῶρον
1406 1679 1507 1735 τοῦ
1534 1679 1811 1754 ποταμοῦ·
1867 1679 1961 1738 καὶ

354 1765 427 1827 τσῖ
468 1764 777 1842 κατύπερθε
825 1763 906 1824 ἔτι
947 1767 1049 1839 τῆς
1087 1764 1291 1841 λίμνης
1335 1762 1539 1840 ταύτης
1584 1764 1752 1845 μέχρι
1791 1771 1961 1843 τριῶν

354 1852 604 1931 ἡμερέων
631 1852 834 1923 πλόου,
867 1854 970 1927 τῆς
1001 1851 1132 1929 πέρι
1157 1855 1354 1912 ε’κεῖνοι
1378 1851 1537 1913 οὐδὲν
1562 1852 1643 1914 ἔτι
1688 1851 1951 1939 [τοιόνδε]

356 1942 568 2023 ἔλεγον·
623 1942 747 2001 ἔστι
772 1939 818 1999 δ’
845 1940 1031 2018 ἔτερον
1053 1944 1327 2000 τοιοῦτον.

436 2028 725 2113 Αἰγύπτου
781 2028 892 2110 γὰρ
946 2027 1121 2106 φύσις
1184 2031 1285 2104 τῆς
1341 2026 1527 2107 χώρης
1578 2029 1703 2090 ε’στί
1749 2030 1958 2107 τοιήδε·

354 2124 550 2199 πρῶτα
580 2121 686 2199 μὲν
718 2118 1073 2197 προσπλέων,
1109 2115 1189 2178 ἔτι
1232 2116 1325 2176 καὶ
1356 2115 1569 2194 ἡμέρης
1592 2116 1800 2196 δρόμον
1826 2117 1961 2181 ἀπέ-

353 2235 471 2289 χων
520 2208 633 2270 α’,πό
685 2212 808 2289 γῆς,
868 2207 1049 2271 κατεὶς
1102 2205 1602 2282 καταπειρητηρίην
1660 2206 1849 2283 πηλόν
1897 2232 1961 2269 τε

353 2296 598 2361 ἀνοίσεις
631 2296 724 2355 καὶ
771 2300 831 2367 ἐν
872 2294 1064 2354 ἕνδεκα
1103 2292 1367 2375 ὀργυιῇσι
1409 2293 1582 2352 ἔσεαι.
1648 2298 1817 2355 τοῦτο
1855 2294 1960 2371 μὲν

302 2385 338 2443 6
358 2383 448 2443 ε’πί
471 2385 718 2443 τοσοῦτο
743 2381 909 2461 δηλοῖ
931 2379 1212 2460 πρόχυσιν
1235 2384 1338 2457 τῆς
1360 2384 1467 2461 γῆς
1492 2383 1716 2441 εὀὓσαν.
1772 2382 1960 2461 Αὖτῆς

357 2469 419 2529 δὲ
456 2473 558 2544 τῆς
598 2466 884 2549 Αἰγύπτου
928 2467 1053 2527 ἐστὶ
1101 2472 1283 2545 μῆκος
1326 2467 1392 2528 ra
1445 2468 1601 2545 παραὶ
1653 2468 1960 2533 θάλασσαν

359 2554 628 2633 ἑξήκοντα
669 2557 908 2635 σχοῖνοι,
957 2554 1099 2615 κατὰ
1134 2555 1301 2633 ἡμέες
1338 2556 1649 2633 διαιρέομεν
1690 2556 1831 2617 εἶναι
1861 2560 1960 2619 Αἵ·

355 2670 570 2728 γυπτον
595 2642 708 2707 ἀπὸ
736 2647 838 2704 τοῦ
875 2642 1259 2720 Πλινθινήτεω
1296 2642 1512 2704 κόλπου
1536 2644 1707 2725 μέχρι
1734 2645 1959 2723 Σερβω-

361 2734 509 2799 νίδος
531 2734 750 2811 λίμνης,
776 2732 906 2811 παρ’
932 2731 1003 2808 ἣν
1025 2757 1093 2793 το
1119 2729 1399 2793 Κάσιον”
1368 2756 1497 2809 ορος
1530 2734 1711 2794 τείνει·
1756 2733 1961 2845 ταύτης

357 2822 432 2884 ὦν
477 2848 590 2883 απο
637 2824 692 2883 οἰ
744 2819 1009 2897 ἑξήκοντα
1049 2819 1278 2900 σχοῖνοί
1326 2822 1456 2879 εἰσι·
1524 2818 1656 2881 ὅσοι
1706 2846 1811 2897 μεν
1847 2822 1960 2902 γὰρ

354 2910 653 2991 γεωπεῖναί
673 2913 784 2969 εἰσι
809 2908 1124 2986 ἀνθρώπων,
1161 2906 1422 2988 ὀργυιῇσι
1445 2907 1833 2986 μεμετρήκασι
1856 2908 1961 2985 τήν

355 2996 561 3076 χώρην·
614 2996 746 3057 ὅσοι
785 2993 907 3056 δὲ’
869 3019 1061 3071 ησσον
1098 2995 1409 3074 γεωπεῖναι,
1454 2995 1759 3055 σταδίοισι·
1808 2996 1865 3056 οἳ
1899 2998 1960 3059 δὲ

356 3082 584 3158 πολλὴν
613 3084 826 3161 ἔχουσι,
861 3080 1289 3159 παρασάγγῃσι·
1322 3105 1379 3139 οι
1417 3080 1479 3139 δὲ
1516 3078 1771 3158 αφθονον
1809 3086 1958 3161 λίην,

357 3170 654 3246 σχοίνοισι.
739 3168 966 3229 δύναται
990 3167 1052 3225 δὲ
1076 3165 1110 3226 ό
1134 3168 1240 3243 μὲν
1262 3167 1637 3249 παρασάγγης
1660 3170 1960 3246 τριήκοντα

356 3253 580 3324 στάδια,
605 3255 640 3316 ὅ
664 3256 725 3316 δὲ
743 3258 974 3334 σχοῖνος
999 3252 1253 3323 ἕκαστος,
1278 3254 1484 3332 μέτρον
1514 3255 1607 3318 ἐὰν
1631 3256 1959 3337 Αἰγύπτιον,
