2250 3500
364 153 444 214 ³1,
471 149 558 217 32]
1068 151 1294 202 mun.
1910 151 1971 200 ιι

360 230 396 292 6
429 231 490 291 δὲ
525 229 666 292 εἶπε·
707 229 794 290 “a”
819 233 1052 308 Κροῖσε,
1081 229 1451 308 ἐπιστάμενόν
1477 255 1553 310 με
1581 229 1650 291 τὰ
1684 229 1836 291 θεῖον
1857 231 1973 291 πᾶν

362 316 454 380 ε’ὂν
468 316 746 396 φθονερόν
758 344 820 378 τε
840 318 932 377 καὶ
947 317 1278 398 ταραχῶδες,
1297 323 1591 398 ἐπειροπᾷς
1610 316 1968 396 ἀνθρωπηΐων

359 405 698 487 πρηγμάτων
722 406 874 484 πέρι;
911 411 970 466 ἐν
994 405 1104 487 γοῖρ
1129 408 1206 484 τῷ
1230 409 1423 484 μακρῷ
1444 405 1627 485 χρόνῳ
1644 403 1838 464 πολλὰ
1860 405 1969 480 μέν

361 499 484 554 ἐστι
521 495 682 554 ἰδέειν
710 492 784 554 τὰ
812 493 894 570 μή
924 518 1009 557 τις
1046 493 1245 562 ἐθέλει,
1271 493 1465 552 πολλὰ
1500 492 1561 552 δὲ
1597 493 1689 552 καὶ
1718 492 1965 552 παθέειν.

359 586 416 646 ἐς
450 581 562 663 γὰρ
603 580 1058 659 ἐβδομήκοντα”
1029 605 1155 640 ετεα
1194 605 1360 658 ουρον
1396 583 1497 654 τῆς
1532 578 1661 654 ζόης
1698 578 1965 690 ἀνθρώπω

357 670 679 747 προτίθημι·
722 665 876 728 οὗτοι
903 667 1082 731 ἐόντες
1107 667 1345 728 ἐνιαυτοὶ
1370 665 1771 744 ἐβδομήκοντα,
1796 667 1963 744 παρέ·

356 781 554 836 χονται
575 756 786 834 ἡμέρας
809 755 1096 831 διηκοσίας
1120 754 1214 814 καὶ
1243 754 1703 832 πεντακισχιλίας
1726 753 1817 812 καὶ
1842 753 1959 814 δισ-

356 844 574 921 μυρίας·
617 843 962 925 [ἐμβολίμου
997 842 1171 920 μηνός
1202 841 1285 918 μή
1319 842 1631 924 γινομένω.
1714 844 1763 900 εἰ
1798 839 1859 900 δὲ
1892 839 1963 918 δὴ

359 929 619 1006 ἐθελήσει
646 929 906 1008 τοῦτερον
939 934 1050 991 τῶν
1081 929 1243 990 ἐτέων
1276 930 1409 1006 μηνὶ
1442 926 1785 1007 μακρότερον
1816 928 1961 1009 γίνε-

357 1019 511 1089 σθαι,
539 1018 628 1079 ἵνα
647 1017 716 1094 δή
736 1021 796 1078 αἶ
823 1014 960 1096 ὧραι
982 1017 1345 1094 συμβαίνωσι
1364 1016 1799 1097 παραγινόμεναι
1819 1021 1874 1080 ἐς
1890 1015 1959 1078 vd

357 1104 498 1177 δέον,
521 1109 694 1185 μῆνες
715 1108 820 1183 μὲν
841 1103 996 1182 παρὰ
1019 1105 1092 1164 τοὶ
1123 1103 1509 1182 ἑβδομήκοντα
1540 1105 1665 1164 ἔτεα
1696 1107 1750 1164 οἶ
1786 1104 1959 1182 ἐμβό-

356 1195 514 1271 λιμοι
551 1194 799 1274 γίνονται
837 1191 1136 1270 τριήκοντα
1174 1192 1356 1253 πέντε·
1402 1191 1605 1270 ημέραι
1650 1191 1711 1252 δὲ
1750 1197 1811 1252 ἐκ
1848 1195 1960 1254 τῶν

354 1285 550 1390 μηνῶν
589 1305 814 1350 τουτων,
864 1281 1050 1360 χίλιαι
1097 1278 1481 1361 πεντήκοντα.]
1548 1279 1783 1340 τουτέων
1827 1279 1959 1362 [τῶν

355 1365 622 1428 οἷπασέων
631 1365 888 1444 ἡμερέων,
903 1371 1014 1428 τῶν
1026 1372 1082 1430 ἐς
1093 1391 1168 1426 τα
1146 1365 1611 1444 ἑβδομήκοντα”
1583 1392 1707 1427 ετεα
1722 1368 1961 1428 ἐουσέων

357 1453 700 1530 πεντήκοντα
723 1455 814 1513 καὶ
839 1455 1135 1532 διηκοσίων
1159 1453 1253 1513 καὶ
1278 1453 1697 1533 ἑξακισχιλιέων
1721 1455 1813 1514 καὶ
1838 1455 1957 1515 δισ-

354 1541 634 1624 μυριέων],
653 1539 694 1617 ἦ
719 1542 874 1620 ἑτέρη
893 1541 1098 1603 αὐτέων
1119 1545 1195 1619 ‘rii
1220 1542 1377 1621 ἑτέρῃ
1400 1539 1581 1621 ἡμέρῃ
1604 1540 1671 1602 τό
1695 1539 1959 1618 παράπαν

356 1628 512 1691 σῦδὲν
535 1629 733 1707 ὅμοῖον
755 1628 1034 1711 προσάγει
1064 1634 1320 1710 πρῆγμα.
1360 1627 1503 1690 οὕτω
1527 1627 1617 1699 ῶν,
1646 1628 1689 1688 ὦ
1720 1633 1955 1708 Κροῖσε,

354 1721 466 1780 πᾶν
481 1723 604 1779 ἐστι
617 1716 904 1796 ἄνθρωπος
918 1717 1209 1796 συμφορή.
1242 1715 1367 1795 ἐμοὶ
1382 1716 1443 1777 δὲ
1457 1715 1533 1779 σύ
1550 1716 1643 1779 καὶ
1661 1717 1955 1782 πλουτέειν

355 1808 458 1882 μὲν
477 1808 627 1887 μέγα
646 1806 886 1883 φαίνεαι,
906 1806 1000 1865 καὶ
1021 1805 1302 1883 βασιλεῦς
1327 1804 1466 1867 εἶναι
1489 1809 1722 1867 πολλῶν
1745 1806 1951 1884 ἀνθρώ-

355 1918 490 1953 πων·
531 1897 706 1955 ε’κεῖυο
737 1893 798 1953 δὲ
826 1892 894 1954 τό
931 1891 1073 1971 εἴρεό
1095 1918 1186 1971 με,
1213 1892 1357 1953 οὔκω
1387 1918 1459 1953 σε
1490 1893 1598 1975 ε’γῶ
1629 1895 1794 1976 λέγω,
1822 1896 1953 1973 πρὶν

355 2006 422 2041 αν
443 1980 858 2056 τελευτήσαντα
889 1984 1072 2045 καλῶς
1093 1977 1195 2041 τᾶν
1224 1982 1397 2041 αἰῶνα
1427 1980 1703 2058 πύθωμαι·
1746 1980 1811 2041 οὗ
1841 1981 1953 2061 γάρ

353 2092 442 2126 τοι
470 2068 504 2127 6
532 2069 682 2150 μέγα
703 2066 978 2131 πλουσιος
999 2070 1228 2145 μᾶλλον
1254 2071 1355 2127 τοῦ
1386 2067 1470 2127 ἐπ’
1494 2066 1709 2144 ημέρην
1734 2068 1955 2146 ἔχοντος

355 2152 695 2231 ὄλβιῶτερός
741 2159 881 2225 ἐστι,
923 2158 972 2215 εἰ
1020 2152 1104 2231 μή
1144 2179 1198 2214 οι
1234 2152 1377 2233 τύχη
1420 2154 1731 2223 ἐπίσποιτο,
1772 2152 1957 2214 πάντα

354 2239 504 2300 καλα
524 2242 720 2320 ἔχοντα
743 2245 1079 2317 τελευτῆσαι
1105 2266 1165 2300 ευ
1182 2239 1283 2301 τόν
1304 2240 1452 2315 βίον.
1494 2240 1707 2299 πολλοὶ
1723 2241 1827 2317 μὲν
1844 2239 1955 2321 γὰρ

353 2327 657 2399 ζάπλουτοι
669 2328 968 2407 σῖνθρῶπων
984 2327 1253 2406 οἶνόλβιοί
1263 2331 1392 2388 εἶσι·
1418 2327 1630 2388 πολλοὶ
1646 2327 1707 2388 δὲ
1722 2330 1955 2407 μετρίως

355 2416 572 2495 ἔχοντες
613 2417 750 2493 βίου
800 2414 1066 2495 ευτυχέες·
1118 2414 1153 2476 6
1202 2417 1307 2493 μὲν
1357 2414 1426 2492 δὴ
1469 2416 1618 2498 μέγα
1661 2415 1951 2490 πλούσιος,

353 2501 623 2581 ἀνόλβιος
657 2504 734 2574 δὲ,
767 2503 952 2563 δυοῖσι
984 2503 1214 2582 προέχει
1246 2507 1347 2563 τοῦ
1388 2502 1642 2583 εὐτυχέος
1673 2502 1955 2581 ιὼύνοισι·

354 2587 514 2655 οὗτος
537 2590 598 2651 δε
620 2594 720 2651 τσῦ
744 2590 1023 2651 πλουσίου
1049 2591 1144 2649 καὶ
1168 2588 1443 2666 οἶνολβίου
1465 2594 1760 2651 πολλοῖσι·
1794 2591 1827 2652 6
1850 2595 1957 2669 μὲν

353 2679 646 2755 ἐπιθυμίην
666 2678 956 2755 ἐκτελέσαι
975 2678 1068 2737 καὶ
1087 2676 1225 2753 ἄτην
1238 2677 1493 2757 μεγάλην
1510 2683 1955 2756 προσπεσοῦσαν

352 2768 556 2825 ἐνεῖκαι
593 2764 976 2842 δυνατώτερος·
1024 2763 1057 2824 6
1097 2764 1159 2823 δὲ
1201 2764 1415 2825 τοισίδε
1456 2767 1685 2845 προέχει
1728 2766 1954 2827 ἐκείνου·

351 2878 492 2929 ατην
522 2855 628 2931 μὲν
667 2853 758 2913 καὶ
799 2852 1092 2929 ἐπιθυμίην
1125 2851 1227 2910 οὐκ
1266 2850 1469 2929 ὁμοίως
1507 2852 1734 2917 δυνατὸς
1772 2853 1956 2933 ἐκείνω

354 2944 572 3009 ἐνεῖκαι,
604 2943 780 3000 ταῦτα
819 2939 880 2998 δὲ
909 2938 948 3014 ἦ
981 2937 1218 3044 εὐτυχίηΑ
1244 2940 1299 2998 οἱ
1333 2937 1607 3017 ἅπερυκει·
1650 2939 1861 3016 ἄπηρος
1894 2940 1956 2999 δὲ

353 3028 495 3098 ἐστὶ,
527 3026 780 3097 ανουσος,
814 3025 1035 3102 ἀπαθής
1067 3028 1267 3095 κακῶν,
1303 3024 1508 3096 εὔπαις,
1546 3024 1771 3101 εὗειδής·
1812 3030 1863 3085 εἶ
1896 3027 1956 3087 δὲ

352 3115 493 3191 πρός
509 3115 761 3175 τούτοισι
780 3113 858 3173 ἔτι
875 3111 1201 3188 τελευτήσει
1218 3111 1317 3171 τόν
1329 3113 1463 3188 βίον
1484 3110 1559 3180 εὖ,
1577 3108 1736 3175 οὗτος
1755 3116 1958 3177 ἐκεῖνος

350 3202 453 3263 τόν
485 3200 560 3267 σύ
595 3200 774 3277 ζητεῖς
807 3197 1010 3275 ὄλβιος
1040 3198 1353 3272 κεκλῆσθαι
1384 3195 1535 3264 ἄξιός
1572 3202 1712 3256 ἐστι·
1753 3201 1885 3276 πρὶν
1911 3199 1959 3259 δ’

353 3286 423 3349 ἂν
440 3286 772 3365 τελευτήσῃ,
792 3285 1088 3363 ἐπισχέειν,
1104 3282 1247 3358 μηδὲ
1273 3281 1492 3341 καλέειν
1511 3306 1587 3339 κω
1604 3279 1809 3358 ὄλβων
1828 3283 1959 3343 ἀλλ’
