2250 3500
338 127 400 173 43
943 121 1311 173 ‘HPOAO'ro‘r
1866 119 1943 183 [1.

340 204 420 263 ἔτι
456 206 544 263 καὶ
583 209 638 269 ἐς
673 207 770 281 ἐμὲ
804 203 954 280 ἦσαν
991 205 1080 264 ἐπὶ
1113 209 1216 264 τοῦ
1250 201 1505 279 σήματος
1538 200 1667 261 ἅνω·
1700 201 1801 260 καί
1830 209 1947 277 σφι

337 317 644 372 γρομματα
684 292 1098 362 ἐνεκεκόλαπτο,
1142 291 1213 350 τοὶ
1272 291 1501 349 ἔκαστοι
1547 287 1945 368 ἐξεργάσαντο·

343 378 436 436 καὶ
467 380 725 454 ἐφαίνετο
764 379 1133 457 μετρεόμενον
1161 379 1229 439 τό
1269 382 1378 438 τῶν
1416 375 1752 438 παιδισκέων
1786 377 1951 456 ἔργον

343 464 435 524 ἐὸν
452 466 742 546 μέγιστον.
799 472 900 526 τοῦ
918 467 1030 548 γοὶρ
1059 466 1129 542 δὴ
1149 466 1346 525 Λυδῶν
1367 464 1545 540 δήμου
1573 467 1631 523 αἱ
1652 464 1949 544 θυγατέρες

342 553 702 629 πορνεύονται
734 557 918 614 πᾶσαι
950 555 1340 635 συλλέγουσαι
1372 555 1549 628 σφίσι
1576 551 1799 628 φερνὰς,
1827 555 1885 614 ἐς
1914 549 1951 612 ὃ

343 637 412 699 ἂν
438 641 818 718 συνοικήσωσι
844 646 1009 702 τοῦτο
1035 643 1347 702 ποιέουσαι·
1392 637 1673 698 ἐκδιδόασι
1701 638 1761 697 δὲ
1786 637 1949 698 αὐταὶ

343 727 560 793 ἑωυτάς.
622 729 661 806 ἤ
678 733 783 807 μὲν
809 729 878 806 δή
905 730 1161 805 περίοδος
1185 733 1286 788 τοῦ
1307 727 1561 804 σήματος
1589 726 1701 785 εἶσὶ
1726 726 1948 786 στάδιοι

343 815 407 885 ἓξ
431 817 522 876 καὶ
548 816 648 876 δύο
673 819 912 894 πλέθρα·
929 816 1013 876 ’τὸ
1041 817 1100 874 δὲ
1130 815 1287 894 εὖρός
1313 821 1437 876 ἐστι
1462 813 1683 891 πλέθρα
1701 815 1943 891 τριακαί-

343 902 493 963 δεκα.
575 905 748 980 λίμνη
790 905 850 962 δὲ
891 906 1072 983 ἔχεται
1114 908 1217 964 τοῦ
1262 904 1519 980 σήματος
1560 901 1801 983 μεγάλη,
1841 901 1947 977 τήν

341 991 579 1070 λέγουσι
609 990 783 1051 Λυδοὶ
823 990 1043 1051 α’,είναον
1078 991 1235 1051 εἶναι·
1278 993 1538 1050 καλέεται
1575 989 1638 1049 δὲ
1668 989 1809 1066 αὕτη
1841 995 1946 1049 Γυ-

342 1078 495 1157 γαίη.
563 1082 730 1138 τοῦτο
755 1081 858 1154 μὲν
884 1079 954 1154 δὴ
980 1078 1203 1139 τοιοῦτό
1229 1084 1371 1138 ε’στι.

247 1166 324 1224 94
423 1164 598 1225 Λυδοὶ
625 1165 684 1225 δὲ
710 1166 936 1243 νόμοισι
951 1169 1058 1244 μὲν
1077 1166 1533 1244 παραπλησίοισι
1556 1165 1827 1244 χρέωνται
1852 1165 1947 1224 καὶ

330 1251 630 1329 ἾΕλληνες·
695 1254 864 1333 χωρὶς
889 1253 926 1332 ἢ
953 1254 1042 1315 ὅτι
1072 1255 1146 1315 τσῖ
1173 1254 1353 1335 θήλεα
1375 1254 1547 1313 τέκνα
1580 1252 1947 1328 καταπορνεύ-

343 1365 490 1400 ουσι.
545 1345 756 1418 πρῶτοι
776 1341 835 1400 δὲ
855 1341 1173 1419 ἀνθρώπων,
1194 1345 1305 1402 τῶν
1324 1340 1483 1417 ἡμεῖς
1500 1341 1674 1416 ἴδμεν,
1692 1339 1947 1416 νόμισμα
1972 1373 1981 1384 ·

323 1433 558 1506 -χρυσοῦ
595 1429 688 1489 καὶ
726 1428 970 1511 ἀργύρου
1007 1429 1317 1510 κοψάμενοι
1360 1427 1695 1507 ἐχρήσαντο·
1734 1431 1947 1504 πρῶτοι

267 1553 272 1560 ·
342 1516 402 1574 δὲ
430 1517 521 1575 καὶ
550 1516 850 1594 κάπηλοι’
824 1519 1096 1599 εγένοντο.
1182 1517 1332 1594 φασὶ
1359 1517 1419 1576 δὲ
1450 1514 1607 1575 αυτοὶ
1632 1514 1827 1585 Λυδοὶ,
1852 1515 1945 1574 καὶ

341 1602 443 1668 τοῖς
467 1606 725 1686 παιγνίας
742 1605 844 1669 τοὶς
869 1610 966 1665 νῦν
982 1597 1199 1682 σφίσι
1178 1629 1239 1665 τε
1258 1605 1353 1663 καὶ
1367 1603 1622 1679 Ελλησι
1642 1628 1945 1662 κατεστεω-

341 1715 449 1755 σας
491 1695 702 1753 ἑωυτῶν
744 1690 1018 1771 ἐξεύρημα
1056 1693 1340 1773 γενέσθαι·
1380 1690 1501 1769 ἅμα
1542 1689 1603 1751 δὲ
1640 1689 1844 1755 ταύτας
1881 1716 1945 1752 τε

342 1778 690 1855 ἐξευρεθῆναι
753 1780 906 1857 παρὰ
959 1782 1137 1856 σφίσι
1190 1781 1427 1861 λέγουσι
1480 1780 1573 1838 καὶ
1631 1779 1945 1857 Τυρσηνίην

342 1864 653 1943 ἀποικίσαι·
695 1864 800 1926 ὦδε
825 1868 954 1946 περὶ
979 1867 1161 1927 αὐτῶν
1186 1868 1465 1949 λέγοντες·
1507 1867 1597 1926 ἐπὶ
1614 1865 1819 1931 Ἀτυος
1842 1870 1944 1926 τοῦ

344 1954 550 2013 Μάνεω
574 1956 852 2031 βασιλέος
879 1955 1169 2032 σιτοδηΐην
1203 1954 1438 2035 ἰσχυρὴν
1465 1954 1574 2037 (ivd
1605 1954 1711 2030 τὴν
1735 1955 1945 2032 Λυδίην

342 2044 538 2108 πᾶσαν
578 2043 860 2123 γενέσθαι·
903 2044 995 2103 καὶ
1025 2044 1158 2108 τούς
1186 2043 1401 2107 Λυδούς
1434 2044 1567 2107 τέως
1596 2046 1699 2120 μὲν
1736 2041 1945 2123 διάγειν

340 2131 730 2208 λιπαρέοντας·
756 2130 900 2209 μετσῖ
919 2132 997 2202 δὲ,
1015 2130 1085 2195 ὥς
1105 2130 1171 2191 οὗ
1192 2131 1489 2201 παύεσθαι,
1505 2130 1645 2190 ἅκεα
1663 2131 1943 2207 δίζησθαι·

341 2218 524 2279 ἄλλον
570 2220 630 2278 δὲ
670 2218 820 2279 ἄλλο
861 2222 1319 2299 ἐπιμηχανᾶσθαι
1359 2218 1556 2279 αυτῶν·
1600 2219 1946 2296 ἐξευρεθῆναι

347 2305 485 2381 δη’
446 2333 519 2367 ων
543 2307 681 2367 τότε
701 2309 794 2366 καὶ
819 2311 929 2367 τῶν
969 2307 1158 2384 κυβων
1185 2308 1279 2367 καὶ
1311 2312 1421 2367 τῶν
1449 2306 1825 2387 ἀστραγάλων
1852 2307 1946 2365 καὶ

341 2398 443 2468 τῆς
479 2395 730 2471 σφαίρης
767 2396 860 2453 καὶ
893 2398 1004 2456 τῶν
1039 2395 1259 2456 οἷλλέων
1288 2396 1514 2454 πασέων
1543 2393 1838 2473 παιγνιέων
1872 2421 1946 2455 τα

345 2481 495 2541 εἴδεα
525 2482 679 2557 πλήν
717 2487 968 2543 πεσσῶν·
1009 2483 1219 2543 τούτων
1258 2483 1366 2563 γοὶρ
1411 2480 1485 2540 ὧν
1522 2479 1628 2555 τήν
1668 2477 1947 2555 ἐξεύρεσιν

345 2568 445 2627 οῦκ
473 2572 807 2645 οξκηῖοΰνται
825 2572 1016 2631 Λυδοί·
1044 2572 1251 2631 ποιέειν
1269 2571 1329 2629 δὲ
1356 2568 1460 2641 ὧδε
1484 2566 1628 2644 πρός
1651 2565 1750 2626 τόν
1776 2569 1944 2645 λιμόν
1988 2645 1999 2651 -

345 2656 680 2734 ἐξευρόντας·
748 2660 853 2736 τήν
904 2663 1009 2738 μὲν
1062 2660 1253 2736 ἑτέρην
1296 2661 1407 2717 τῶν
1445 2654 1693 2732 ἡμερέων
1731 2657 1946 2727 παίζειν

342 2749 536 2809 πᾶσαν
583 2746 670 2806 ἵνα
717 2747 786 2824 δή
827 2748 910 2826 μή
966 2747 1209 2823 ζητέοιεν
1262 2744 1436 2804 σιτία·
1496 2741 1602 2820 τὴν
1654 2743 1715 2803 δὲ
1756 2743 1947 2820 ἑτέρην

349 2834 638 2894 σιτέεσθαι
661 2836 1008 2912 παυομένους
1026 2838 1136 2894 τῶν
1154 2832 1466 2914 παιγνιέων·
1505 2830 1736 2911 τοιούτῳ
1753 2829 1946 2911 τρόπῳ

343 2920 552 3001 διάγειν
589 2921 673 2980 ἐπ’
717 2922 841 2981 ἔτεα
867 2922 1007 2980 δυῶν
1047 2920 1244 2980 δέοντα
1275 2921 1473 2980 εἴκοσι·
1516 2919 1639 2980 ἐπεί
1664 2945 1725 2979 τε
1758 2918 1817 2979 δὲ
1845 2917 1945 2978 οὔκ

345 3006 554 3067 ἀνιέναι
590 3008 658 3068 τό
702 3008 871 3075 κακὸν
910 3006 1042 3067 ἀλλ’
1083 3007 1175 3065 ἐπὶ
1220 3011 1448 3084 μᾶλλον
1489 3008 1569 3068 ἔτι
1620 3007 1944 3085 βιάζεσθαι,

346 3093 486 3152 οὕτω
528 3094 598 3169 δὴ
637 3094 738 3155 τόν
774 3095 1029 3170 βασιλέα
1070 3092 1266 3166 αὐτῶν,
1308 3095 1407 3154 δύο
1446 3096 1646 3173 μοίρας
1686 3093 1947 3155 διελόντα

347 3179 542 3238 Λυδῶν
576 3181 811 3251 πάντων,
849 3185 1141 3257 κληρῶσαι
1178 3182 1283 3258 τήν
1307 3186 1413 3260 μὲν
1438 3185 1531 3243 ἐπὶ
1568 3187 1717 3262 μονῇ
1749 3181 1853 3258 τὴν
1886 3180 1947 3241 δὲ

347 3264 440 3322 ἐπὶ
461 3265 629 3344 ἐξόδῳ
656 3273 716 3326 ἐκ
741 3272 842 3344 τῆς
866 3267 1066 3347 χώρης·
1109 3270 1204 3329 καὶ
1230 3272 1322 3331 ἐπὶ
1346 3274 1451 3350 μὲν
1474 3276 1547 3353 τῇ
1565 3273 1751 3350 μένειν
1776 3268 1949 3331 αὗτοῧ
