2250 3500
311 112 405 160 140
931 111 1299 162 ἨΡΟΔΟΤΟΤ
1812 109 1913 176 [Π.

305 190 686 251 ἀποδέδεκται.
767 191 834 251 τό
861 189 907 250 δ’
935 189 1002 251 ἄν
1037 217 1122 255 τις
1156 195 1268 251 τῶν
1294 191 1498 267 θηρίων
1528 188 1740 250 τούτων
1776 189 1915 252 ἀπο-

309 279 507 357 κτείνῃ,
534 277 604 354 ἣν
628 280 732 356 μὲν
760 278 910 349 ἐκών,
941 278 1180 342 θάνατος
1208 279 1248 355 ἤ
1288 279 1476 355 ζημίη·
1517 275 1588 353 ἢν
1624 277 1685 337 δὲ
1722 277 1917 352 ἀέκων,

306 364 558 425 ἀποτίνει
584 366 786 442 ζημίην
811 364 916 442 τήν
953 365 1022 426 ἂν
1059 369 1113 426 οἱ
1148 367 1286 442 ἱρέες
1311 365 1603 434 τάξωνται.
1686 365 1749 429 ὃς
1775 366 1821 425 δ’
1846 365 1919 428 ἂν

305 452 428 529 ’ίβιν
466 451 505 528 ἢ
547 453 713 531 ἴρηκα
747 453 1064 533 ἀποκτείνῃ,
1110 452 1184 528 ἥν
1228 479 1291 513 τε
1333 452 1468 513 ἐκῶν
1508 451 1578 528 ἤν
1620 479 1683 512 τε
1723 451 1915 527 ἀέκων,

212 543 287 600 66
305 540 566 602 τεθνάναι
619 541 853 624 ἀνάγκη·
935 544 1186 602 Πολλῶν
1226 541 1285 601 δὲ
1326 541 1525 600 ἐόντων
1577 539 1917 619 ὁμοτρόφων

305 631 461 690 τοῖσι
487 629 832 707 ἀνθρώποισι
854 631 1071 708 θηρίων,
1093 632 1294 707 πολλῷ
1313 626 1381 688 ἂν
1401 630 1481 687 ἔτι
1501 628 1657 687 πλέω
1684 629 1913 709 ἐγίνετο,

307 721 357 776 εἰ
393 718 476 794 μή
499 718 918 794 ,κατελάμβανε
955 717 1084 780 τούς
1130 715 1453 794 αἰελούρους
1496 715 1703 775 τοιάδε·
1746 717 1916 779 ἐπεάν

303 805 508 866 τέκωσι
547 809 606 866 αἱ
648 805 865 880 θήλεαι,
908 803 1091 865 οὐκέτι
1132 805 1427 881 φοιτέουσι
1467 803 1619 880 παρά
1659 804 1790 869 τούς
1829 806 1912 882 ἔρ·

306 917 492 957 σενας·
535 896 590 952 οἱ
617 893 676 952 δὲ
697 891 978 969 διζήμενοι
1003 893 1317 974 μίσγεσθαι
1337 890 1544 970 αὐτῇσι
1571 891 1670 951 οὐκ
1698 892 1912 972 ἔχουσι·

304 979 449 1056 πρὸς
505 978 580 1040 ὧν
618 983 796 1040 ταῦτα
836 982 1174 1056 σοφίζονται
1212 979 1363 1041 τάδε·
1406 977 1749 1056 ἁρπάζοντες
1798 979 1913 1042 ἀπὸ

303 1070 414 1126 τῶν
456 1068 670 1144 θηλέων
712 1069 805 1128 καὶ
849 1069 1241 1147 ὗπαιρεόμενοι
1285 1068 1359 1128 τὰ
1403 1069 1570 1128 τέκνα
1614 1069 1911 1129 κτείνουσι·

306 1155 612 1220 κτείναντες
635 1157 828 1232 μέντοι
855 1157 920 1217 οὖ
946 1160 1264 1218 πατέονται·
1308 1159 1367 1215 αἶ
1394 1157 1454 1216 δὲ
1478 1155 1913 1233 στερισκόμεναι

302 1244 412 1303 τῶν
431 1244 654 1322 οτέκνων
692 1243 884 1305 ἄλλων
923 1245 984 1305 δὲ
1025 1245 1442 1322 ἐπιθυμέουσαι,
1471 1241 1613 1302 οὕτω
1655 1241 1723 1318 δή
1749 1242 1911 1303 α’πικ-

303 1330 520 1393 νέονται
546 1332 700 1412 παραὶ
718 1333 848 1398 τοῦς
876 1334 1120 1411 ἔρσενας·
1165 1330 1501 1409 φιλότεκνον
1520 1331 1581 1390 δὲ
1606 1330 1673 1392 τὸ
1696 1332 1909 1408 θηρίον·

300 1424 576 1498 πυρκαϊῆς
593 1422 654 1481 δὲ
671 1423 988 1503 γενομένης,
1012 1421 1137 1481 θεῖα
1154 1419 1461 1499 πρήγματα
1482 1419 1910 1495 καταλαμβάνει

301 1507 433 1572 τούς
474 1509 818 1587 αἰελούρους·
859 1513 915 1569 οἱ
953 1510 1057 1585 μὲν
1093 1507 1205 1589 γάρ
1248 1505 1546 1588 Αἰγύπτιοι
1585 1507 1911 1572 διαστάντες

301 1596 563 1670 φυλακὰς
597 1597 792 1676 ἔχουσι
821 1599 931 1656 τῶν
966 1594 1284 1672 αἰελούρων,
1318 1594 1705 1673 ἀμελήσαντες
1734 1596 1908 1671 σβεν-

301 1681 457 1740 νύναι
488 1684 556 1742 τό
589 1684 900 1761 καιόμενον·
943 1686 999 1742 οἱ
1035 1683 1094 1740 δὲ
1132 1684 1429 1761 αἰέλουροι,
1464 1682 1775 1746 διαδύοντες
1815 1686 1910 1744 καὶ

298 1767 787 1846 υπερθρῶσκοντες
821 1796 951 1834 τους
983 1769 1323 1847 ἀνθρωπους,
1367 1770 1711 1832 ἐσάλλονται
1750 1777 1807 1835 ἐς
1840 1773 1907 1834 τό

297 1859 433 1933 πῦρ·
473 1860 652 1918 ταῦτα
691 1858 751 1917 δὲ
781 1860 1059 1940 γινόμενα,
1089 1860 1297 1919 πένθεα
1326 1858 1551 1941 μεγάλα
1583 1885 1714 1923 τους
1740 1864 1909 1941 Αἰγυ-

297 1944 493 2009 πτίους
554 1946 1001 2024 καταλαμβάνει.
1084 1952 1145 2008 ἐν
1202 1946 1417 2008 οτέοισι
1468 1945 1514 2006 δ’
1561 1944 1629 2007 ἂν
1681 1949 1909 2009 οἰκίοισι

299 2034 588 2113 αἰέλουρος
607 2034 921 2117 ἀποθάνῃ’
886 2064 998 2097 απο
1023 2040 1125 2097 τοῦ
1152 2034 1487 2114 αυτομάτου,
1506 2037 1560 2096 οἱ
1578 2036 1910 2101 ἐνοικέοντες

296 2122 497 2187 πάντες
518 2125 804 2203 ξυρέονται
827 2126 931 2190 τάς
955 2124 1172 2202 ὀφρύας
1194 2124 1420 2202 μούνας·
1462 2122 1593 2201 παρ’
1615 2123 1831 2185 ὁτέοισι
1857 2124 1905 2185 δ’

204 2207 278 2269 67
298 2207 369 2271 ἂν
407 2212 563 2283 κύων,
592 2217 707 2275 πᾶν
738 2214 805 2276 τὸ
844 2220 1011 2294 σῶμα
1045 2215 1137 2273 καὶ
1167 2212 1272 2289 τήν
1310 2212 1585 2288 κεφαλήν.
1665 2210 1906 2294 Ἀπαγέ-

299 2323 427 2358 αται
475 2300 536 2359 δὲ
579 2304 633 2359 οἱ
677 2304 959 2380 αἰέλουροι
999 2300 1374 2364 ἀποθανόντες
1419 2304 1475 2364 ἐς
1519 2299 1640 2377 ἶράς
1680 2302 1905 2382 στέγας,

298 2385 429 2445 ἔνθα
472 2386 781 2449 θάπτονται
821 2390 1239 2468 ταριχευθέντες
1293 2393 1353 2449 ἐν
1376 2386 1703 2463 ,Βουβάστι
1746 2390 1906 2450 πόλι.

297 2470 397 2534 τοίς
423 2472 482 2530 δὲ
510 2473 674 2538 κύνας
702 2481 760 2536 ἐν
785 2480 858 2556 τῇ
880 2480 1090 2537 ἑωυτῶν
1119 2478 1347 2539 ἕκαστοι
1372 2477 1513 2537 πόλι
1540 2475 1821 2537 θάπτουσι
1850 2482 1909 2538 ἐν

300 2560 456 2637 ἱρῇσι
506 2560 733 2641 θήκῃσι·
792 2565 864 2629 ὥς
903 2565 964 2625 δὲ
1004 2564 1179 2630 αὕτως
1216 2570 1355 2645 τῇσι
1396 2565 1526 2626 κυσὶ
1566 2567 1621 2624 οἶ
1662 2566 1907 2644 ἰχνευταὶ

299 2646 617 2710 θάπτονται.
702 2651 805 2717 τοίς
847 2653 907 2730 δὲ
947 2654 1207 2735 μυγαλοὶς
1240 2654 1331 2713 καὶ
1362 2653 1492 2717 τούς
1532 2654 1727 2730 ἴρηκας
1766 2652 1909 2712 ἀπά-

295 2761 466 2816 γουσι
508 2743 564 2803 ἐς
617 2746 867 2803 Βουτοῦν
913 2741 1103 2803 πόλιν·
1171 2741 1273 2806 τοὶς
1327 2742 1386 2801 δὲ
1428 2743 1550 2818 ἴβις
1595 2745 1651 2805 ἐς
1690 2740 1909 2818 Ἑρμέω

295 2824 486 2887 πόλιν·
543 2827 643 2893 τάς
695 2830 756 2889 δὲ
809 2830 1045 2908 ἄρκτους
1087 2828 1290 2893 ἐούσας
1332 2830 1593 2900 σπανίας,
1638 2830 1732 2887 καὶ
1774 2827 1909 2893 τούς

294 2912 497 2977 λύκους
549 2915 615 2975 οὗ
668 2920 866 2977 πολλιῖ
919 2919 1025 2996 τέω
1073 2916 1263 2980 ἐόντας
1309 2916 1612 2977 ἀλωπέκων
1651 2917 1906 2994 μέζονας,

296 2997 467 3059 αυτοῦ
494 3001 774 3064 θάπτουσι
799 3010 872 3083 τῇ
899 3002 968 3064 ἂν
995 3003 1292 3080 εὖρεθεωσι
1318 3004 1578 3080 κείμενοι.

203 3082 279 3141 68
375 3090 500 3147 Τῶν
541 3089 602 3147 δε
648 3092 1014 3168 κροκοδείλων
1055 3090 1094 3165 ἦ
1140 3089 1316 3166 φύσις
1360 3092 1485 3151 ἐστὶ
1526 3091 1733 3168 τοιήδε·
1775 3116 1908 3157 τους

295 3174 756 3247 χειμεριωτάτους
779 3182 960 3255 μῆνας
984 3201 1265 3253 τεσσερας
1298 3178 1475 3239 ἐσθίει
1503 3178 1681 3239 ουδέν·
1727 3178 1819 3239 ἐόν
1847 3179 1910 3240 δὲ

299 3256 624 3331 τετράπουν,
660 3268 930 3341 χερσαῖον
971 3264 1064 3323 καὶ
1103 3264 1363 3340 λιμναῖόν
1404 3269 1546 3326 ἐστι·
1588 3268 1763 3329 τίκτει
1800 3268 1910 3343 μὲν
