2250 3500
1736 107 1757 120 Q

330 163 614 229 142—144]
971 165 1298 216 ET'I'E'PIIH.
1834 172 1930 226 179

323 243 512 304 σίοισί
529 267 594 303 τε
629 244 722 303 καὶ
753 241 1174 322 τεσσεράκοντα
1216 245 1411 326 ἔλεγον
1438 244 1567 306 θεὸν
1594 243 1927 322 ἀνθρωποει-

324 329 424 390 δέα
449 329 646 390 οὐδένα
670 331 953 412 γενέσθαι·
996 329 1062 392 ού
1097 332 1291 408 μέντοι
1328 330 1455 391 οὐδὲ
1489 331 1776 409 πρότερον,
1804 332 1933 393 οὐδὲ

322 416 562 494 ὕστερον
600 423 659 479 ἐν
697 421 851 478 τοῖσι
885 417 1255 479 ὑπολοίποισι
1292 418 1579 500 Αἰγύπτου
1613 422 1930 497 βασιλεῦσι

321 507 691 586 γενομένοισι,
719 507 916 586 ἔλεγον
939 509 1193 567 τοιοῦτον
1221 505 1398 566 οὐδέν.
1460 511 1519 567 ἐν
1542 507 1727 568 τοίνυν
1749 508 1929 590 τούτῳ

323 598 402 672 τῷ
422 594 604 674 χρόνῳ
626 593 878 671 τετράκις
905 595 1101 674 ἔλεγον
1129 593 1191 663 ἐξ
1214 593 1393 670 ἠθέων
1410 592 1512 655 τᾶν
1535 593 1699 670 ἥλων
1718 593 1929 656 ἀνατεῖ-

325 684 426 740 λαι
451 683 606 760 (ἔνθα
631 706 693 742 τε
717 685 816 742 νῦν
841 681 1171 743 καταδύεται
1207 683 1457 743 ἐνθεῦτεν
1482 681 1567 745 δὶς
1592 685 1929 754 ἐπαντεῖλαι,

327 769 421 828 καὶ
445 769 599 830 ἔνθεν
623 773 722 830 νῦν
747 769 1048 830 ἀνατέλλει
1077 769 1315 830 ἐνθαῦτα
1342 770 1425 834 δὶς
1452 769 1797 851 καταδῦναι·)
1838 771 1931 832 καὶ

327 855 486 918 οὐδὲν
520 861 632 918 τῶν
671 855 790 917 κατ’
832 857 1118 939 Αἴγυπτον
1156 856 1267 918 ῦπό
1307 861 1485 919 ταῦτα
1526 859 1927 936 ἑτεροιωθῆναι,

327 941 452 1004 οὔτε
485 944 559 1005 τά
598 948 660 1005 ἑκ
697 947 802 1022 τῆς
839 948 947 1027 γῆς
988 943 1116 1006 οὔτε
1154 945 1229 1006 τά
1272 950 1333 1006 ἐκ
1372 950 1473 1007 τοῦ
1516 949 1775 1024 ποταμοῦ
1814 953 1928 1023 σφι

323 1032 588 1112 γινόμενα
626 1031 756 1094 οὔτε
792 1032 866 1094 τά
889 1031 1043 1110 ἀμφὶ
1081 1033 1319 1098 νούσους
1357 1032 1487 1096 οὔτε
1522 1032 1596 1094 τά
1631 1033 1773 1095 κατά
1800 1034 1932 1100 τούς

327 1119 612 1186 θανάτους.
693 1120 987 1199 Πρότερον
1017 1121 1078 1180 δὲ
1101 1120 1375 1202 Ἑκαταίῳ
1410 1127 1489 1201 τῷ
1518 1125 1803 1202 λογοποιῷ
1829 1127 1887 1183 ἑν
1907 1125 2023 1184 143

325 1206 559 1288 Θήβῃσι
595 1207 1080 1290 γενεηλογήσαντί
1112 1233 1179 1270 τε
1217 1208 1419 1270 ἑωυτόν
1454 1209 1547 1268 καὶ
1586 1209 1929 1285 ἀναδήσαντι

323 1294 428 1371 τήν
452 1296 694 1375 πατριὴν
720 1301 777 1361 ἐς
811 1295 1195 1357 ἑκκαιδέκατον
1226 1296 1371 1367 θεὰν,
1409 1293 1684 1372 ἑποιήσαν
1708 1301 1762 1356 οἱ
1791 1298 1930 1374 ἱρέες

323 1385 426 1442 τοῦ
452 1383 589 1447 Διός
615 1382 734 1445 οἶόν
756 1409 813 1444 τι
849 1384 940 1444 καὶ
978 1384 1104 1460 ἐμοὶ
1139 1383 1203 1442 οὖ
1230 1381 1707 1464 γενεηλογήσαντι
1733 1388 1927 1461 ἐμεωυ-

323 1467 446 1531 τόν·
498 1471 874 1554 ἐσαγαγόντες
909 1475 968 1536 ἕς
999 1469 1066 1531 τὰ
1101 1471 1351 1552 μέγαρον
1376 1472 1505 1540 ἔσω,
1534 1469 1627 1531 ἐὰν
1650 1471 1814 1551 μέγα,
1842 1471 1926 1541 ἑξ-

322 1557 588 1636 ηρίθμεον
625 1558 930 1624 δεικνύντες
971 1558 1293 1622 κολοσσοῦς
1330 1557 1585 1630 ξυλίνους
1620 1557 1927 1622 τοσούτους

323 1644 494 1711 ὅσους
543 1671 650 1723 περ
703 1646 880 1708 εἶπον·
963 1645 1225 1726 ἀρχιρεῦς
1273 1646 1384 1729 γάρ
1447 1646 1682 1709 ἕκαστος
1734 1644 1931 1707 αύτόθι

325 1733 550 1797 ἵσταται
576 1735 669 1796 ἐπὶ
692 1739 794 1813 τῆς
819 1738 1022 1796 ἑωυτοῦ
1054 1734 1185 1812 ζόης
1222 1733 1405 1797 εἰκόνα
1442 1737 1661 1796 ἑωυτοῦ·
1704 1732 1928 1814 ἀριθμέ-

325 1846 477 1887 οντες
514 1823 590 1884 ὦν
625 1824 718 1883 καὶ
749 1823 1051 1888 δεικνύντες
1082 1827 1138 1884 οἱ
1175 1825 1314 1902 ἶρέες
1353 1824 1493 1903 ἐμοὶ,
1528 1823 1929 1884 ἀπεδείκνυσαν

321 1911 498 1971 παῖδα
521 1909 735 1990 πατρός
762 1915 970 1973 ἑωυτῶν
995 1912 1236 1973 ἕκαστον
1262 1912 1439 1983 ἐόντα,
1468 1918 1530 1971 ἑκ
1554 1914 1655 1971 τοῦ
1680 1910 1929 1992 ἄγχιστα

323 1996 704 2063 ἀποθανόντος
739 2004 842 2077 τῆς
882 1998 1090 2064 εἰκόνος
1121 2000 1413 2069 διεξιόντες
1444 2000 1535 2058 διοὶ
1574 1999 1801 2058 πασέων
1827 1999 1925 2061 ἕως

323 2082 392 2145 οὗ
430 2084 703 2159 ἀπέδεξαν
744 2086 972 2151 ἀπάσας
1012 2085 1203 2151 αύτάς·
1254 2085 1529 2165 Ἑκαταίῳ
1570 2084 1632 2144 δὲ
1668 2089 1927 2165 γενεηλο-

318 2173 576 2255 γήσαντι
631 2174 830 2237 ἑωυτόν
890 2176 983 2235 καὶ
1041 2172 1384 2250 ἀναδήσαντι
1438 2177 1493 2235 ἐς
1546 2172 1930 2233 ἑκκαιδέκατον

322 2261 470 2333 θεόν,
507 2262 1058 2346 ἀντεγενεηλόγησαν
1094 2263 1187 2321 ἑπὶ
1224 2265 1297 2341 τῇ
1338 2256 1643 2339 ἀριθμήσει
1680 2258 1745 2319 οὗ
1777 2258 1926 2320 δεκό-

318 2375 480 2427 μενοι
529 2350 660 2429 παρ’
715 2349 884 2411 αὐτοῦ
938 2349 1051 2411 ἀπό
1105 2350 1239 2411 θεοῦ
1294 2349 1561 2431 γενέσθαι
1617 2346 1925 2427 ἄνθρωπον·

320 2436 870 2521 ἀντεγενεηλόγησαν
927 2438 988 2498 δὲ
1047 2436 1165 2512 ὦδε,
1226 2437 1467 2515 φάμενοι
1525 2438 1763 2497 ἕκαστον
1814 2440 1927 2499 τῶν

322 2530 625 2587 κολοσσῶν
676 2528 934 2605 Πίρωμιν
987 2530 1048 2587 ἑκ
1103 2526 1393 2605 Πιρῶμιος
1444 2528 1745 2609 γεγονέναι,
1793 2527 1849 2589 ές
1890 2524 1927 2586 ὃ

322 2612 455 2679 τοῦς
490 2615 656 2676 πέντε
687 2615 782 2674 καὶ
816 2614 1236 2692 τεσσεράκοντα
1276 2615 1368 2674 καὶ
1405 2616 1759 2693 τριηκοσίους
1793 2612 1925 2673 ἀπέ-

319 2699 483 2771 δεξαν
524 2702 846 2767 κολοσσοῦς
885 2702 1143 2779 Πίρωμιν
1184 2707 1245 2763 ἐκ
1286 2702 1571 2781 Πιρῶμιος
1608 2700 1923 2781 γενόμενον,

321 2789 413 2848 καὶ
464 2788 591 2851 οὔτε
644 2795 699 2854 ἐς
740 2789 870 2851 θεᾶν
917 2787 1044 2850 οὔτε
1086 2794 1143 2853 ε’ς
1183 2788 1337 2866 ἥρωα
1390 2788 1667 2863 ἀνέδησαν
1708 2785 1923 2849 αὐτούς·

318 2877 574 2955 Πίρωμις
633 2877 699 2937 δέ
754 2883 878 2939 ε’στι
935 2876 1054 2938 κατ’
1103 2876 1361 2936 Ἑλλάδα
1416 2877 1695 2956 γλῶσσαν
1754 2872 1927 2937 καλός

317 2962 582 3046 κάγαθός.
627 2963 782 3042 Ἤδη
825 2964 900 3026 ὦν
937 2968 1048 3025 τῶν
1089 2966 1149 3023 αἱ
1189 2961 1390 3026 εἰκόνες
1424 2960 1574 3037 ἦσαν
1605 2959 1886 3023 τοιούτους
1903 2960 2019 3020 144

315 3050 723 3113 ἀπεδείκνυσάν
750 3058 935 3129 σφεας
964 3051 1178 3115 πάντας
1208 3049 1419 3121 ἐόντας,
1449 3048 1681 3114 occant&
1704 3046 1927 3108 πολλὸν

315 3137 812 3222 ἀπαλλαγμένους·
852 3140 918 3200 τό
943 3139 1004 3199 δὲ
1033 3137 1311 3215 πρότερον
1332 3141 1445 3197 τῶν
1480 3135 1690 3214 ἀνδρῶν
1713 3134 1926 3195 τούτων

316 3226 478 3291 θεοῦς
530 3228 671 3289 εἶναι
713 3226 846 3291 τοῦς
891 3231 952 3286 ἑν
993 3223 1261 3307 Αἰγύπτῳ
1313 3222 1603 3302 ἄρχοντας,
1648 3222 1925 3285 οἰκέοντας

238 3372 244 3379 .
316 3310 440 3392 ἅμα
478 3316 636 3374 τοῖσι
688 3311 1056 3391 ἀνθρώποισι·
1123 3311 1217 3369 καὶ
1265 3310 1473 3372 τούτων
1523 3308 1632 3370 αἰεὶ
1679 3309 1775 3370 ἕνα
1824 3307 1927 3370 τόν
