2250 3500
299 143 374 194 πο
925 142 1295 194 ΗΡοΔοτοτ
1829 139 1900 205 [1.

306 225 410 302 μὲν
425 223 719 285 Ἐπίστιον
737 224 968 296 καλέων,
987 223 1131 286 διότι
1158 223 1225 300 δὴ
1253 223 1479 282 οἰκίοισι
1502 219 1907 297 ὕποδεξαμενος

303 311 406 372 τᾶν
436 311 614 381 ξεῖνον
650 313 828 388 φονέα
858 316 961 374 τοΐ
990 311 1190 376 παιδὸς
1222 310 1488 372 ἐλανθανε
1515 309 1767 386 βόσκων·
1806 309 1908 369 τόν

305 397 369 457 δέ
390 397 719 476 Ἐναιρήΐον,
748 399 823 464 ὥς
852 399 1082 476 φύλακα
1112 399 1458 478 συμπέμψας
1488 397 1656 457 αὖτόν
1686 395 1907 475 εὖρήκοι

209 487 288 546 45
303 486 764 569 πολεμιώτατον.)
848 492 1133 566 Παρῆσαν
1171 487 1233 547 δὲ
1270 485 1411 564 μετὰ
1444 489 1611 546 τοῦτο
1647 487 1701 544 οἳ
1730 485 1908 545 Λυδοὶ

308 575 572 651 φέροντες
602 573 703 636 τόν
731 574 942 653 νεκρόν·
982 573 1189 636 ὄπισθε
1223 575 1285 635 δὲ
1314 572 1500 634 εἵπετό
1532 577 1586 632 οἱ
1621 572 1655 633 6
1687 573 1903 649 φονεύς·

305 659 449 726 στὰς
498 662 559 722 δὲ
608 660 769 726 οὗτος
817 662 930 742 πρό
973 667 1077 724 τοῦ
1115 666 1327 742 νεκροῦ,
1373 661 1667 740 παρεδίδου
1708 661 1909 724 ἐωυτόν

305 750 538 830 Κροίσῳ
577 752 876 827 προτείνων
918 749 1022 816 τοὶς
1064 755 1272 831 χεῖρας,
1314 748 1767 827 ἐπικατασφάξαι
1807 775 1907 826 μιν

304 836 543 898 κελεύων
578 842 658 917 τῷ
694 842 880 917 νεκρῷ,
923 838 1104 919 λέγων
1142 836 1247 914 τήν
1286 863 1348 898 τε
1386 837 1661 916 προτέρην
1707 840 1907 896 ἑωυτοῦ

303 925 625 1002 συμφορήν,
654 926 747 984 καὶ
785 925 856 988 ὥς
887 924 972 985 ἐπ’
998 927 1175 1006 ἐκείνῃ
1204 924 1304 986 τόν
1335 924 1653 1004 καθήραντα
1686 922 1906 984 οἷπολω-

304 1012 481 1076 λεκῶς
506 1013 609 1088 εἴη·
643 1011 772 1072 οὐδέ
789 1016 844 1072 οἷ
871 1013 955 1090 εἴη
980 1012 1283 1091 βιώσιμον.
1347 1016 1599 1090 Κροῖσος
1616 1012 1678 1072 δὲ
1699 1010 1906 1072 τούτων

301 1095 563 1168 ακούσας,
593 1099 692 1160 τόν
729 1109 793 1160 τε
821 1098 1144 1177 Ἀδρηστον
1178 1101 1536 1178 κατοικτείρει
1575 1101 1772 1178 καίπερ
1804 1099 1905 1160 ε’ὢν

303 1189 365 1244 ἐν
388 1190 537 1267 κακῷ
555 1187 741 1267 οἶκηιῳ
763 1186 1029 1267 τοσούτω,
1053 1188 1145 1247 καὶ
1170 1187 1324 1269 λεγει
1346 1187 1489 1264 πρός
1514 1185 1700 1248 αὐτόν·
1736 1187 1902 1266 “ἔχω,

212 1345 222 1355 .
303 1270 348 1330 ὦ
378 1273 537 1343 ξεῖνε,
565 1300 718 1352 παρα
749 1279 853 1334 σεῦ
883 1278 1078 1335 πᾶσαν
1107 1273 1214 1351 τήν
1246 1275 1417 1351 δίκην,
1446 1273 1633 1350 ἐπειδὴ
1660 1277 1904 1334 σεωυτοῦ

302 1361 677 1434 καταδικάζεις
717 1361 974 1423 θάνατον·
1016 1363 1094 1427 εἴς
1140 1363 1201 1422 δὲ
1247 1388 1311 1422 ου
1352 1362 1429 1422 σύ
1465 1387 1566 1438 μοι
1602 1361 1765 1421 τοῦδε
1801 1366 1904 1422 τοῦ

304 1452 477 1508 κακοῦ
501 1449 690 1520 αἴτιος,
714 1475 763 1509 ει
783 1450 865 1527 μὴ
885 1449 1025 1510 ὅσον
1045 1449 1221 1510 ἀέκων
1246 1449 1570 1532 ἐξεργασαο,
1590 1448 1745 1509 ἅλλα
1765 1450 1905 1511 θεῶν

303 1535 404 1595 κού
426 1561 512 1601 τις
541 1536 604 1601 ὅς
632 1563 734 1614 μοι
764 1538 858 1596 καὶ
887 1536 1068 1597 πάλαι
1101 1536 1485 1614 προεσήμαινε
1514 1535 1587 1596 τοὶ
1614 1537 1903 1612 μέλλοντα

301 1623 586 1685 ἔσεσθαιῗ
666 1626 921 1702 Κροῖσος
948 1624 1054 1701 μέν
1083 1649 1183 1685 νυν
1214 1625 1387 1704 ἔθαψε
1420 1650 1495 1688 ως
1528 1623 1677 1687 οἷκὸς
1708 1622 1781 1700 ἣν
1803 1624 1903 1686 τᾶν

302 1712 502 1772 ἐωυτοΰ
532 1712 718 1772 παῖδα.
793 1709 1113 1789 Ἄδρηστος
1144 1712 1205 1773 δὲ
1240 1712 1273 1774 6
1304 1711 1543 1791 Γορδίεω
1567 1715 1669 1773 τοῦ
1694 1711 1899 1784 Μίδεω,

301 1796 463 1863 οὗτος
482 1798 552 1875 δή
573 1800 607 1859 6
627 1798 830 1876 φονεύς
850 1802 955 1876 μὲν
971 1802 1073 1860 τοῦ
1093 1802 1294 1860 {nnn-01⁶3
1312 1799 1592 1877 ἀδελφεοῦ
1609 1800 1903 1882 γενόμενος

301 1886 504 1963 φονεΰς
543 1887 604 1946 δὲ
641 1892 742 1947 τοῦ
783 1886 1139 1966 καθήραντος,
1172 1888 1297 1948 ἐπεί
1328 1913 1393 1949 τε
1422 1886 1636 1968 ἤσυχίη
1667 1892 1779 1949 τῶν
1810 1887 1903 1950 οἷν-

301 1973 533 2051 θρώπων
561 1976 776 2056 ἐγένετο
805 1976 934 2052 περὶ
962 1975 1030 2036 τὸ
1062 1979 1241 2052 σῆμα,
1269 1975 1786 2056 συγγινωσκόμενος
1809 1975 1898 2037 ἅν-

300 2061 532 2139 θρώπων
571 2062 710 2123 εἶναι
746 2066 857 2124 τῶν
897 2061 1063 2127 αὖτός
1100 2061 1249 2140 ἤειδε
1288 2062 1896 2140 βαρυσυμφορώτατος,

301 2150 499 2211 ἐωυτόν
535 2150 975 2228 ἐπικατασφάζει
1006 2154 1085 2229 τῷ
1117 2149 1335 2231 τύμβῳ.
1420 2152 1670 2227 Κροῖσος
1709 2151 1769 2211 δὲ
1809 2151 1901 2211 ἐπὶ

299 2236 398 2297 δύο
443 2240 567 2299 ἔτεα
597 2238 678 2299 ἐν
727 2240 918 2300 πένθεϊ
965 2238 1198 2319 μεγάλῳ
1244 2239 1535 2314 καθῆστο,“
1561 2241 1662 2297 τοῦ
1705 2238 1902 2303 παιδός

299 2326 680 2402 ἐστερημένος·
730 2325 876 2401 μετὰ
911 2326 988 2394 δὲ,
1019 2325 1060 2401 ἦ
1096 2324 1420 2406 Ἀστυάγεω
1457 2328 1558 2385 τοῦ
1598 2325 1901 2402 Κυαξάρεω

297 2410 568 2493 ἤγεμονίη
605 2413 994 2489 καταιρεθεῖσα
1031 2410 1144 2472 ὖπό
1180 2411 1371 2491 Κύρου
1408 2415 1511 2473 τοῦ
1550 2411 1897 2489 Καμβύσεω,

301 2500 392 2557 καὶ
416 2498 490 2559 τὰ
518 2502 630 2558 τῶν
655 2499 922 2576 Περσέων
946 2497 1252 2581 πρήγματα
1280 2498 1643 2577 αὐξανόμενα,
1671 2500 1901 2566 πένθεος

295 2589 401 2663 μὲν
433 2588 689 2663 Κροῖσον
723 2585 1036 2647 ἀπέπαυσε·
1075 2588 1316 2665 ἐνέβησε
1350 2588 1412 2648 δὲ
1446 2593 1502 2651 ἐς
1539 2588 1823 2665 φροντίδα,
1852 2590 1905 2649 εἴ

299 2699 406 2737 κως
439 2672 676 2745 δύναιτο,
708 2674 841 2753 πρὶν
873 2674 1156 2755 μεγάλους
1186 2676 1453 2757 γενεσθαι
1485 2700 1616 2739 τους
1651 2676 1898 2754 Πέρσας,

301 2762 647 2839 καταλαβεῖν
671 2761 850 2871 αὐτῶν
874 2760 1248 2840 αυξανομένην
1270 2761 1376 2839 τήν
1399 2761 1649 2839 δύναμιν.
1744 2828 1755 2839 ,

203 2852 281 2911 46
329 2849 546 2921 Μετα
581 2848 656 2910 ὧν
687 2848 793 2927 τήν
818 2848 1061 2911 διανοιαν
1089 2850 1296 2927 ταύτην
1329 2848 1526 2909 αὐτίκα
1562 2847 1899 2927 ἀπεπειρᾶτο

297 2942 410 2998 τῶν
430 2937 724 3015 μαντηΐων,
749 2940 861 2997 τῶν
883 2961 949 2996 τε
979 2942 1038 2997 ἐν
1061 2936 1319 3013 Ελλησι
1346 2937 1437 2995 καὶ
1467 2938 1569 2995 τοῦ
1601 2940 1660 2995 ἐν
1686 2936 1899 3016 Λιβύῃ,

300 3025 616 3103 διαπέμψας
645 3024 856 3088 ἄλλους
885 3022 1055 3102 ἄλλῃ,
1082 3023 1212 3087 τοῦς
1238 3027 1344 3099 μὲν
1374 3028 1430 3087 ἐς
1465 3021 1731 3099 Δελφούς
1764 3024 1901 3084 ἰέναι

298 3112 429 3175 τούς
454 3113 515 3171 δὲ
539 3118 594 3175 ἐς
607 3112 797 3190 Ἀβας
821 3110 922 3175 τὰς
945 3111 1176 3171 Φωκέων
1200 3109 1330 3174 τούς
1354 3110 1415 3169 δὲ
1441 3115 1495 3173 ἐς
1521 3110 1811 3188 Δωδώνην·
1847 3115 1901 3171 οἶ

302 3198 367 3256 δέ
397 3222 538 3261 τινες
573 3202 886 3278 ἐπέμποπο
925 3198 1080 3276 παρά
1116 3224 1181 3258 τε
1216 3196 1575 3276 Ἀμφιάρεων
1615 3199 1709 3257 καὶ
1748 3198 1901 3275 παρὰ

299 3284 637 3361 Τροφώνιον,
660 3289 792 3349 οἶδὲ
813 3291 916 3364 τῆς
934 3287 1229 3363 Μιλησίης
1247 3290 1302 3349 ἐς
1328 3286 1664 3367 Βραγχιδας.
1724 3288 1901 3345 ταῦτα
