2250 3500
339 124 559 189 85-88]
594 185 600 191 ‚
1012 126 1281 178 eAAmA.
1843 126 1942 173 24⁵

336 208 411 283 τῇ
465 203 637 285 ἵππῳ]
690 205 1043 285 ἐγχρίμπτων
1094 210 1166 283 τῇ
1221 206 1414 286 θηλέῃ,
1457 206 1624 271 τέλος
1668 206 1730 266 δὲ
1771 208 1944 281 ἐπῆκε

338 291 577 370 ὀχεῦσαι
601 292 701 353 τὸν
728 292 921 352 ἵππον.
978 292 1115 369 ‘Ap'
1143 292 1325 372 ἡμέρῃ
1352 295 1413 353 δὲ
1439 293 1860 372 διαφωσκούσῃ,
1889 295 1943 353 οἶ
1958 295 2035 355 86

338 379 416 449 ἓξ,
446 379 589 439 κατὰ
614 380 1011 455 συνεθήκαντο,
1028 384 1296 458 παρῆσαν
1317 383 1410 441 ἐπὶ
1434 385 1544 442 τῶν
1565 381 1765 443 ἵππων·
1805 380 1943 451 διεξ-

340 467 682 528 ελαυνόντων
722 466 783 527 δὲ
823 467 964 528 κατὰ
1003 467 1069 529 vd
1102 468 1460 546 προάστειον,
1491 469 1562 533 ὦς
1597 469 1738 529 κατὰ
1775 472 1943 530 τοῦτο

337 554 405 614 τό
431 556 638 633 χωρίον
664 555 913 635 ἐγίνοντο
942 556 1029 615 ἵνα
1047 560 1149 633 τῆς
1173 557 1586 636 παροιχομένης
1605 556 1800 620 νυκτός
1819 582 1945 617 κατ-

342 642 557 703 εδέδετο
596 642 636 717 ή
677 642 857 718 θήλεα
900 643 1086 713 ἵππος,
1130 645 1370 705 ἐνθαῦτα
1411 643 1445 704 ὅ
1491 644 1732 721 Δαρείου
1776 645 1945 709 ἵππος

339 729 720 807 προσδραμών
772 732 1115 808 ἐχρεμέτισε·
1179 731 1300 809 ἅμα
1353 732 1414 791 δὲ
1459 736 1538 810 τῷ
1587 732 1737 811 ἵππῳ
1778 735 1945 791 τοῦτο

340 817 660 893 ποιήσαντι,
688 816 954 894 ἀστραπή
991 820 1055 889 ἐξ
1092 820 1310 897 αἰθρίης
1341 820 1432 879 καὶ
1461 819 1679 897 βροντή
1708 820 1943 900 ἐγένετο.

342 906 705 987 ἐπιγενόμενα
744 907 805 966 δὲ
839 910 1016 967 ταῦτα
1048 912 1128 987 τῷ
1160 908 1379 987 Δαρείῳ
1414 909 1683 968 ἐτελέωσε
1710 933 1809 984 μιν
1835 905 1944 968 ὥσ-

342 1019 449 1069 περ
477 999 537 1053 ἐκ
564 995 833 1055 συνθέτου
846 1020 943 1054 τευ
955 995 1245 1075 γενόμενα,
1267 996 1400 1057 οἶδὲ
1421 995 1818 1073 καταθορόντες
1833 993 1947 1057 άπὸ

340 1085 452 1141 τῶν
480 1082 661 1142 ἵππων
686 1081 1061 1158 προσεκύνεον
1086 1082 1212 1165 [τᾶν
1238 1088 1478 1161 Δαρεῖον
1505 1083 1576 1147 ὥς
1600 1082 1900 1165 βασιλέα].

426 1172 501 1230 OE
551 1172 657 1246 μὲν
708 1168 779 1245 δή
832 1176 982 1247 φασι
1020 1170 1124 1231 τόν
1172 1172 1431 1249 Οἰβάρεα
1471 1176 1650 1232 ταῦτα
1693 1170 1942 1250 μηχανή-
1961 1170 2036 1231 87

343 1258 578 1328 σασθαι,
607 1259 659 1316 οἶ
687 1257 747 1316 δὲ
770 1257 972 1327 τοιάδε,
1001 1257 1120 1338 (καὶ
1144 1257 1255 1339 γοῖρ
1285 1259 1368 1318 ἐπ’
1397 1258 1694 1337 ἀμφότερα
1719 1258 1946 1339 λέγεται

342 1342 455 1404 ύπό
482 1345 789 1427 Περσέων·)
820 1344 891 1408 ὥς
914 1349 1016 1421 τῆς
1042 1345 1218 1405 ἵππου
1242 1347 1444 1421 ταύτης
1468 1351 1579 1405 τῶν
1598 1345 1816 1423 ἄρθρων
1830 1351 1945 1405 ε’πι-

344 1432 568 1510 ψαύσας
602 1437 676 1512 τῇ
710 1434 873 1512 χειρὶ,
902 1433 1023 1512 ἔχοι
1054 1432 1230 1508 αὐτὴν
1267 1434 1478 1511 κρύψας
1505 1438 1563 1492 ἐν
1587 1437 1724 1511 τῇσι
1751 1432 1945 1502 ἀναξυ-

344 1520 483 1596 ρίσι·
528 1520 601 1585 ὥς
632 1522 693 1580 δὲ
726 1520 846 1598 ἅμα
876 1525 953 1599 τῷ
992 1520 1136 1600 ήλίῳ
1176 1519 1384 1581 οἷνιόντι
1419 1520 1686 1580 ἀπίεσθαι
1714 1520 1948 1597 μέλλειν

344 1607 475 1672 τοῦς
526 1608 744 1692 ἵππους,
794 1608 897 1669 τὸν
952 1608 1212 1686 Οἰβάρεα
1263 1612 1462 1671 τοῦτον
1514 1608 1797 1686 ἐξείραντα
1847 1606 1950 1683 τὴν

344 1699 524 1776 χεῖρα,
550 1697 691 1775 πρὸς
714 1701 816 1757 τοῦ
846 1698 1087 1775 Δαρείου
1110 1696 1285 1758 ἵππου
1310 1696 1441 1762 τούς
1465 1700 1750 1775 μυκτῆρας
1769 1722 1948 1775 προσ-

348 1788 566 1845 ενεῖκαι·
606 1785 707 1846 τὸν
734 1785 795 1845 δὲ
822 1785 1162 1864 αἰσθόμενον
1194 1786 1594 1865 φριμάξασθαί
1613 1812 1676 1847 τε
1703 1785 1795 1844 καὶ
1819 1811 1947 1864 χρε-

343 1874 593 1949 μετίσαι.
917 1923 921 1927 .

429 1960 665 2038 Δαρεῖός
682 1986 747 2020 τε
769 1960 839 2036 δὴ
865 1959 899 2021 ό
924 1960 1280 2025 Ὑστάσπεος
1297 1961 1578 2038 βασιλεῦς
1595 1959 1944 2021 α’πεδέδεκτο·
1967 1962 2044 2023 88

348 2049 447 2107 καί
467 2052 521 2108 οἱ
544 2048 693 2124 ἦσαν
720 2055 778 2109 ἐν
802 2053 875 2127 τῇ
900 2048 1071 2128 Ἀσίῃ
1090 2049 1294 2111 πάντες
1316 2047 1580 2124 κατήκοοι
1605 2048 1760 2124 πλὴν
1783 2046 1949 2124 Ἀρα-

347 2137 505 2213 βίων,
535 2136 726 2214 Κύρου
754 2163 819 2197 τε
857 2136 1390 2214 καταστρεψαμένου
1418 2136 1510 2194 καὶ
1535 2134 1771 2211 ὕστερον
1799 2133 1952 2198 αὖτις

350 2223 701 2300 Καμβύσεω·
761 2223 1027 2301 Ἀράβιοι
1070 2223 1130 2282 δὲ
1184 2222 1404 2299 οὐδαμὰ
1457 2221 1813 2298 κατήκουσαν
1860 2222 1952 2281 ἐπὶ

350 2310 666 2390 δουλοσύνῃ
700 2312 982 2390 Πέρσῃσι,
1010 2310 1167 2370 α’λλοῖ
1205 2311 1373 2382 ξεῖνοι
1412 2311 1664 2392 ἐγένοντο
1688 2309 1953 2386 παρέντες

288 2421 294 2426 ’
350 2397 679 2476 Καμβύσεα
719 2398 805 2459 ἐπ’
845 2400 1149 2481 Αἴγυπτον·
1192 2398 1487 2479 (άεκόντων
1513 2398 1625 2480 γὰρ
1661 2397 1946 2476 Ἀραβίων

350 2486 451 2546 οῦκ
478 2486 547 2548 ἂν
573 2487 921 2565 ἐσβάλλοιεν
962 2488 1187 2564 Πέρσαι
1215 2492 1271 2551 ἐς
1297 2487 1628 2569 Αἴγυπτον)
1652 2487 1867 2568 γάμους
1892 2511 1956 2546 τε

348 2574 481 2638 τούς
504 2575 753 2653 πρώτους
781 2575 980 2655 ἐγάμεε
1002 2576 1269 2655 Πέρσῃσι
1295 2575 1328 2635 ὅ
1357 2580 1611 2654 Δαρεῖος,
1634 2574 1828 2652 Κύρου
1852 2576 1956 2652 μὲν

352 2661 453 2721 δύο
494 2664 816 2743 θυγατέρας,
846 2662 1148 2723 Ἄτοσσάν
1178 2689 1241 2723 τε
1274 2665 1366 2722 καὶ
1400 2662 1809 2738 Ἀρτυστώνην·
1850 2661 1954 2736 τήν

349 2753 454 2827 μὲν
485 2749 787 2812 Ἀτοσσαν
838 2751 1377 2829 προσυνοικήσασαν
1424 2747 1722 2826 Καμβύσῃ
1764 2773 1826 2807 τε
1877 2750 1956 2825 τῷ

352 2838 611 2918 ἀδελφεῷ
649 2840 743 2898 καὶ
776 2838 929 2902 αὖτις
959 2841 1038 2917 τῷ
1076 2838 1281 2917 Μάγῳ·
1322 2837 1426 2912 τὴν
1458 2836 1518 2894 δὲ
1550 2834 1957 2912 Ἀρτυστώνην,

349 2927 647 3004 παρθένον·
690 2927 880 3004 ἑτέρην
906 2925 983 2995 δὲ,
1012 2925 1284 3002 Σμέρδιος
1307 2926 1411 2983 τοῦ
1439 2922 1634 2999 Κίρου
1661 2921 1954 3003 θυγατέρα,

325 3015 541 3095 ἐγημε,
578 3017 651 3095 τῇ
692 3012 903 3090 οὕνομα
938 3011 1009 3089 ἦν
1042 3012 1299 3089 Πάρμυς·
1341 3011 1476 3089 ἔσχε
1511 3010 1571 3068 δὲ
1609 3009 1702 3068 καὶ
1726 3008 1955 3083 τῆν’τοῢ

349 3099 594 3161 Ὀτάνεω
628 3102 909 3183 θυγατέρα
932 3099 971 3176 ἦ
996 3100 1097 3160 τόν
1125 3098 1330 3179 Μάγον
1364 3096 1678 3171 κατάδηλον
1706 3095 1957 3170 ἐποίησε.

354 3187 616 3266 δυνάμιός
654 3213 717 3247 τε
749 3188 935 3248 πάντα
971 3191 1025 3247 οἱ
1066 3186 1392 3247 ἐπιπλέατο.
1461 3189 1682 3261 πρῶτον
1719 3184 1823 3260 μέν
1863 3207 1960 3242 νυν

350 3274 533 3339 τύπον
570 3275 949 3354 ποιησάμενος
982 3275 1202 3336 λίθινον
1228 3275 1452 3350 ἔστησε·
1496 3273 1634 3352 ζῷον
1659 3270 1723 3331 δέ
1745 3273 1800 3330 οἱ
1825 3273 1954 3346 ἐνῆν
