2250 3500
337 149 623 216 ιτα-132]
1025 151 1251 204 mm.
1878 151 1941 204 ⁶⁷

417 225 739 312 Ἀστυάγης
773 231 882 308 μέν
919 257 1016 292 νυν
1053 230 1415 308 βασιλεύσας
1458 230 1543 292 ἐπ’
1574 233 1701 292 ἔτεα
1733 230 1902 290 πέντε
1918 232 2037 291 130

335 315 430 376 καὶ
454 316 768 394 τριήκοντα,
789 316 930 378 οὕτω
953 321 1056 395 τῆς
1075 319 1389 394 βασιληίης
1410 318 1788 394 κατεπαύσθη·
1816 321 1943 394 Μῆ-

335 403 424 463 δοι
451 403 510 463 δὲ
534 403 826 483 ὑπέκυψαν
852 407 1119 485 Πέρσῃσι
1147 406 1239 464 διὰ
1263 406 1367 481 τήν
1390 405 1591 466 τούτου
1614 405 1939 482 πικρότητα,

335 489 599 567 ἄρξαντες
636 495 740 567 τῆς
779 490 893 551 ἅνω
911 493 1127 556 Ἀλυος
1164 497 1423 570 ποταμοῦ
1460 491 1659 569 Ἀσίης
1695 493 1779 553 ἐπ’
1816 496 1941 554 ἔτεα

333 578 632 655 τριήκοντα
669 581 762 638 καὶ
801 579 1009 641 {atax-61?
1027 581 1171 641 δυῶν
1202 581 1415 651 δέοντα,
1442 581 1621 658 παρὲξ
1650 579 1689 657 ἢ
1720 581 1859 642 ὅσον
1884 586 1941 642 οἶ

335 666 549 730 Σκύθαι
573 667 770 747 ἦρχον.
837 667 1052 750 ύστέρῳ
1077 670 1270 746 μέντοι
1294 668 1479 749 χρόνῳ
1502 669 1857 746 μετεμέλησέ
1876 671 1942 729 τέ

335 760 450 830 σφι
486 759 663 816 ταῦτα
699 755 982 832 ποιήσασι
1022 759 1112 816 καὶ
1150 756 1485 833 ἀπέστησαν
1522 755 1636 817 οἷπᾶ
1678 758 1939 834 Δαρείου·

335 841 684 908 ἀποστάντες
731 844 790 904 δὲ
831 843 1014 904 ὀπίσω
1055 844 1568 923 κατεστράφθησαν
1600 843 1757 925 μάχῃ
1791 870 1937 922 νικη-

337 929 539 996 θέντες·
581 931 711 992 τότε
745 933 818 1002 δὲ,
845 933 938 993 ἐπὶ
965 932 1307 1016 Ἀστυάγεος
1346 937 1401 994 οἶ
1432 934 1657 1011 Πέρσαι
1684 959 1748 994 τε
1780 933 1873 992 καὶ
1904 933 1937 994 ὅ

337 1022 525 1094 Κῦρος
565 1020 978 1086 ἐπαναστάντες
1015 1025 1172 1083 τοῖσι
1204 1021 1475 1097 Μήδοισι,
1514 1022 1693 1103 ἦρχον
1720 1020 1789 1084 τὰ
1822 1021 1937 1084 α’πό

333 1106 534 1167 τούτου
565 1112 670 1185 τῆς
704 1108 921 1187 Ἀσίης.
988 1108 1310 1192 Ἀστυάγεα
1340 1111 1401 1170 δὲ
1434 1114 1619 1188 Κῦρος
1650 1109 1821 1172 κακόν
1846 1109 1937 1170 ού-

333 1193 426 1253 δὲν
458 1192 609 1255 ἄλλο
649 1197 896 1272 ποιήσας
933 1197 1048 1276 εἶχε
1077 1197 1208 1275 παρ’
1238 1201 1415 1278 ἑωυτῷ
1442 1203 1497 1262 ἐς
1528 1197 1561 1258 ὃ
1588 1198 1934 1274 ἐτελεύτησε.

334 1281 478 1341 οὕτω
503 1282 572 1358 δὴ
599 1287 788 1362 Κῦρος
804 1283 1100 1365 γενόμενός
1123 1311 1189 1345 τε
1208 1288 1301 1344 καὶ
1318 1286 1551 1362 τραφεὶς
1572 1286 1933 1362 ἐβασίλευσε,

335 1369 429 1426 καὶ
465 1374 720 1447 Κροῖσον
751 1371 990 1450 ὕστερον
1019 1372 1231 1432 τούτων
1266 1371 1511 1450 ἄρξαντα
1544 1372 1755 1449 ἀδικίης
1779 1399 1935 1432 κατε-

333 1456 640 1534 στρέψατο,
683 1457 754 1523 ὥς
793 1462 1010 1538 εἴρηταί
1046 1485 1146 1537 μοι
1187 1459 1254 1520 τὸ
1296 1458 1584 1538 πρότερον,
1624 1463 1823 1520 τοῦτον
1874 1461 1937 1521 δὲ

333 1546 875 1626 καταστρεψάμενος,
905 1547 1047 1608 οὕτω
1071 1548 1261 1624 πάσης
1286 1552 1387 1624 τῆς
1412 1546 1611 1624 Ἀσίης
1634 1546 1789 1624 ἦρξε.

411 1635 642 1712 Πέρσας
657 1636 716 1695 δὲ
736 1637 860 1696 οἴδα
883 1635 1107 1714 νόμοισι
1125 1637 1317 1697 τοῖσδε
1330 1637 1691 1716 χρεωμένους·
1719 1635 1892 1719 ἀγάλ-
1913 1639 2023 1698 131

327 1746 480 1799 ματα
515 1725 618 1803 μὲν
645 1724 737 1784 καὶ
769 1725 932 1802 νηούς
969 1726 1060 1787 καὶ
1091 1726 1321 1801 βωμοῦς
1357 1723 1458 1787 ούκ
1490 1731 1549 1787 ἐν
1574 1723 1725 1807 νόμῳ
1750 1754 1933 1787 ποιευ-

327 1811 524 1886 μένους
579 1811 881 1890 ἷδρύεσθαι,
925 1812 1080 1873 ἀλλὰ
1129 1814 1220 1873 καὶ
1265 1818 1421 1875 τοῖσι
1459 1818 1683 1876 ποιεῦσι
1708 1818 1933 1893 ’μωρίην

329 1900 681 1977 ἐπιφέρουσι,
724 1901 798 1965 ὥς
836 1905 942 1979 μὲν
982 1902 1104 1977 ἐμοὶ
1150 1902 1343 1974 δοκέει,
1380 1902 1467 1963 ὅτι
1508 1902 1607 1962 ούκ
1648 1902 1931 1980 ἅνθρωπο-

328 1988 503 2060 φυέας
549 1988 815 2065 ἐνόμισαν
855 1988 982 2053 τούς
1027 1990 1199 2060 θεοῦς,
1254 1990 1497 2069 κατάπερ
1540 1994 1595 2049 οἱ
1633 1990 1928 2065 Ἓλληνες,

327 2074 485 2134 εἶναι.
554 2079 608 2135 οἱ
649 2077 708 2135 δὲ
748 2078 1038 2152 νομίζουσι
1084 2078 1181 2137 Διῒ
1218 2079 1322 2151 μὲν
1364 2078 1453 2135 ἐπὶ
1490 2076 1563 2135 τοὶ
1601 2075 1931 2153 ὕψηλότατα

323 2166 435 2221 τῶν
461 2162 664 2240 οὐρέων
690 2162 1088 2240 ἀναβαίνοντες
1111 2162 1361 2245 [θυσίας]
1389 2163 1577 2239 ἔρδειν,
1598 2162 1699 2223 τόν
1724 2161 1929 2223 κύκλον

324 2248 506 2310 πάντα
536 2256 640 2311 τοῦ
670 2250 906 2329 ούρανοῦ
942 2253 1054 2312 Δία
1095 2252 1405 2314 καλέοντες·
1461 2250 1659 2310 θύουσι
1690 2249 1751 2309 δὲ
1781 2250 1925 2331 ἡλίῳ

323 2362 386 2395 τε
428 2338 520 2396 καὶ
561 2339 776 2419 σελήνῃ
818 2340 910 2399 καὶ
948 2344 1026 2421 γῇ
1062 2340 1156 2399 καὶ
1186 2338 1317 2416 πυρὶ
1351 2338 1443 2397 καὶ
1482 2337 1640 2398 ὕδατι
1676 2338 1769 2398 καὶ
1806 2337 1927 2400 ‹ivi-

322 2450 506 2500 μοισι·
545 2426 800 2487 τούτοισι
824 2430 927 2505 μὲν
955 2427 1022 2504 δή
1049 2427 1312 2506 μούνοισι
1340 2426 1541 2487 θύουσι
1568 2426 1831 2507 ἀρχῆθεν.

401 2512 896 2592 Ἐπιμεμαθήκασι
935 2516 994 2574 δὲ
1035 2516 1124 2574 καὶ
1166 2518 1239 2593 τῇ
1282 2514 1527 2596 Οὐρανίῃ
1568 2516 1734 2587 θύειν,
1770 2514 1925 2595 παρά

318 2626 384 2659 τε
421 2599 738 2680 Ἀσσυρίων
767 2602 1038 2678 μαθόντες
1077 2604 1171 2662 καὶ
1207 2602 1511 2681 Ἀραβίων·
1566 2604 1833 2665 καλέουσι
1864 2604 1923 2663 δὲ

319 2686 618 2768 Ἀσσύριοι
649 2690 755 2767 τήν
776 2689 1117 2767 Ἀφροδίτην
1152 2692 1432 2761 Μύλιττα,
1458 2690 1721 2767 Ἀράβιοι
1748 2692 1806 2749 δὲ
1824 2691 1923 2748 'A-

319 2778 500 2848 λιττα,
518 2779 744 2855 Πέρσαι
768 2778 828 2838 δὲ
855 2780 1097 2857 Μίτραν.
1156 2780 1339 2855 Θυσίη
1358 2780 1417 2838 δὲ
1442 2781 1596 2838 τοῖσι
1614 2778 1881 2855 Πέρσῃσι
1902 2778 2015 2837 132

315 2866 446 2943 περὶ
470 2865 601 2929 τούς
629 2865 944 2943 εἰρημένους
980 2866 1141 2930 θεούς
1164 2866 1262 2942 ἥδε
1291 2867 1615 2940 κατέστηκε·
1656 2862 1783 2923 οὔτε
1806 2866 1919 2939 βω·

315 2952 456 3027 μούς
478 2957 764 3014 ποιεῦνται
790 2951 918 3014 οὕτε
941 2957 1053 3031 πῦρ
1073 2952 1422 3013 ἀνακαίουσι·
1447 2954 1751 3028 μέλλοντες
1772 2951 1921 3010 θύειν

317 3039 383 3100 οὗ
419 3042 644 3119 σπονδῇ
672 3043 958 3120 χρέωνται,
991 3041 1115 3101 οὖκὶ
1154 3040 1320 3118 αὐλῷ,
1354 3039 1418 3098 ού
1455 3038 1763 3114 στέμμασι,
1796 3036 1917 3095 ούκὶ

315 3126 542 3206 ούλῇσι·
594 3132 707 3188 τῶν
745 3129 806 3187 δὲ
849 3128 921 3191 ὥς
967 3127 1183 3206 ἐκάὰτῳ
1226 3127 1376 3185 θύειν
1422 3126 1592 3192 θέλει,
1638 3129 1693 3186 ἐς
1733 3127 1917 3202 χῶρον

315 3215 564 3292 καθαρὸν
590 3214 817 3295 αἶγαγῶν
838 3215 907 3276 va
941 3220 1140 3291 κτῆνος
1166 3213 1353 3271 καλέει
1377 3209 1477 3270 τόν
1503 3210 1647 3281 θεόν,
1676 3215 1915 3287 ἐστεφα-

312 3303 556 3379 νωμένος
591 3302 693 3362 τόν
721 3301 918 3380 τιάραν
955 3301 1201 3379 μυρσίνῃ
1238 3298 1513 3376 μάλιστα.
1595 3301 1773 3376 ἑωυτῷ
1810 3300 1915 3374 μὲν
