2250 3500
312 124 535 191 44-48]
638 187 659 209 ⁸
987 126 1255 177 OAABIA.
1814 130 1912 179 223

313 207 429 265 τῶν
460 203 761 265 κατιόντων
794 202 1035 280 Σαμίων,
1069 203 1269 265 ἐόντων
1299 204 1522 287 ὀλίγων,
1553 207 1922 287 ἑσσωθῆναι.)

318 294 431 354 τῶν
454 292 516 352 δὲ
540 290 633 351 ὑπ’
656 294 835 370 ἑωυτῷ
860 289 1059 353 ἐόντων
1078 293 1391 368 πολιητέων
1415 292 1486 353 τοὶ
1511 294 1678 355 τέκνα
1704 294 1796 354 καὶ
1819 294 1921 359 τᾶς

322 382 589 461 γυναῖκας
614 379 647 439 ὅ
674 377 1046 457 Πολυκράτης
1071 384 1128 443 ἐς
1155 378 1288 443 τούς
1313 381 1638 445 νεωσοίκους
1662 381 1920 458 συνειλή-

324 493 451 537 σας,
498 467 615 548 εἶχε
659 468 926 545 ἑτοίμους,
968 464 1039 543 ἦν
1083 465 1208 544 (ῗίραΙ
1240 467 1546 545 προδιδῶσι
1591 467 1744 529 οὗτοι
1783 470 1924 547 πρός

320 554 454 618 τούς
474 554 779 626 κατιόντας,
796 554 1125 631 ὕποπρῆσαι
1143 552 1368 615 αύτοῖσι
1385 559 1538 616 τοῖσι
1551 558 1920 617 νεωσοίκοισι.

400 642 569 703 Ἐπεί
597 669 662 704 τε
700 642 761 702 δὲ
801 646 856 703 οἱ
896 642 1291 712 ἐξελασθέντες
1330 643 1556 721 Σαμίων
1589 642 1698 703 ὖπό
1733 649 1920 704 Πολυ-
1939 646 2016 705 46

322 730 551 807 κράτεος
581 730 847 791 άπίκοντο
882 735 939 794 ἐς
972 728 1077 805 τήν
1114 729 1396 808 Σπάρτην,
1425 730 1800 794 καταστάντες
1830 734 1924 791 ἐπὶ

324 817 456 882 τούς
482 817 761 898 ἄρχοντας
787 819 981 899 ἔλεγον
1006 816 1220 887 πολλοὶ,
1249 818 1340 877 οἷα
1367 818 1542 897 κάρτα
1567 818 1836 896 δεόμενοι·
1869 822 1923 879 οἱ

326 904 390 965 δέ
424 912 537 982 σφι
570 912 642 985 τῇ
684 905 875 985 πρώτῃ
912 904 1258 967 καταπόσει
1290 904 1670 983 ὑπεκρίναντο,
1702 905 1774 966 τοὶ
1816 909 1924 984 μὲν

324 997 518 1070 πρῶτα
541 994 819 1073 λεχθέντα
844 994 1236 1069 ἑπιλεληθέναι
1262 993 1334 1055 ταῖ
1361 994 1421 1053 δὲ
1445 993 1654 1073 ὕστερα
1679 992 1744 1054 οὔ
1770 1020 1922 1055 συνι-

326 1081 463 1141 έναι.
529 1082 675 1159 μεταῖ
700 1081 761 1142 δὲ
785 1083 975 1153 ταῦτα,
996 1080 1224 1159 δεύτερα
1248 1081 1623 1145 καταστάντες
1644 1080 1794 1142 ἄλλο
1817 1086 1922 1159 μὲν

329 1169 485 1230 εἷπον
527 1168 699 1247 οὐδὲν,
742 1169 986 1231 θύλακον
1028 1169 1089 1228 δὲ
1130 1171 1393 1247 φέροντες
1432 1172 1656 1247 ἔφασαν
1693 1170 1792 1231 τὸν
1831 1170 1924 1232 θῦ-

326 1259 505 1318 λακον
545 1256 802 1334 ἀλφίτων
841 1257 1085 1318 δέεσθαι·
1129 1260 1184 1316 οἱ
1214 1257 1277 1317 δέ
1306 1264 1418 1334 σφι
1453 1256 1811 1335 ὖπεκρίναντο
1844 1262 1924 1338 τῷ

327 1345 551 1427 θυλάκῳ
576 1343 995 1428 περιεργάσθαι·
1036 1344 1300 1420 βοηθέειν
1325 1344 1372 1403 δ’
1399 1343 1472 1403 ὧν
1502 1345 1654 1414 ἔδοξε
1681 1344 1922 1405 αὐτοῖσι.

327 1433 444 1492 Καὶ
473 1435 663 1494 ἔπειτα
700 1432 1264 1511 παρασκευασάμενοι
1304 1430 1701 1509 ἐστρατεύοντο
1740 1438 1916 1491 Λακε-
1933 1434 2010 1493 47

326 1520 601 1599 δαιμόνιοι
626 1523 719 1581 ἐπὶ
744 1520 957 1599 Σάμον·
998 1519 1070 1583 ὥς
1094 1521 1198 1597 μὲν
1222 1518 1427 1597 Σάμιοι
1451 1520 1687 1600 λέγουσι
1714 1516 1924 1599 εὐεργε-

324 1608 454 1672 σίας
480 1609 797 1679 ἐκτίνοντες,
823 1608 911 1669 ὅτι
938 1613 1053 1683 σφι
1077 1604 1341 1686 πρότεροι
1371 1606 1528 1668 αὐτοὶ
1555 1606 1720 1684 νηυσὶ
1757 1606 1924 1683 ἐβοή-

325 1696 511 1773 θησαν
532 1697 622 1757 ἐπὶ
641 1696 1022 1773 Μεσσηνίους·
1052 1695 1123 1761 ὥς
1149 1696 1208 1757 δὲ
1226 1695 1653 1774 Λακεδαιμόνιοι
1669 1695 1922 1777 λέγουσι,

326 1783 428 1844 οὐκ
463 1784 605 1845 οὕτω
632 1788 949 1863 τιμωρῆσαι
982 1785 1296 1861 δεομένοισι
1331 1786 1598 1862 Σαμίοισι
1634 1783 1922 1862 ἐστρατεύ-

328 1898 475 1943 οντο,
520 1871 594 1938 ὥς
634 1873 911 1934 τίσασθαι
961 1872 1308 1950 βουλόμενοι
1351 1876 1452 1933 τοῦ
1499 1877 1772 1950 κρητῆρος
1822 1876 1924 1948 τῆς

326 1959 584 2042 ἁρπαγῆς
626 1960 728 2022 τόν
771 1959 913 2042 ἦγον
960 1960 1210 2039 Κροίσῳ,
1253 1960 1345 2020 καὶ
1388 1963 1490 2021 τοῦ
1535 1960 1780 2036 θώρηκος
1823 1961 1925 2020 τόν

327 2047 553 2109 αὐτοῖσι
566 2047 815 2126 Ἄμασις
835 2047 868 2108 6
888 2047 1176 2129 Αἰγύπτου
1200 2047 1479 2123 βασιλεῦς
1499 2047 1710 2125 ἔπεμψε
1731 2047 1922 2123 δῶρον·

328 2136 421 2196 καὶ
459 2136 572 2217 γὰρ
608 2136 831 2214 θώρηκα
872 2135 1172 2212 ἐληίσαντο
1212 2138 1289 2213 τῷ
1323 2135 1574 2212 προτέρῳ
1605 2135 1712 2192 ἔτεϊ
1750 2130 1787 2208 ἦ
1825 2131 1925 2193 τὸν

328 2228 579 2302 κρητῆρα
614 2227 669 2284 οἱ
705 2223 927 2302 Σάμιοι,
954 2221 1115 2284 ἐόντα
1149 2224 1252 2299 μὲν
1283 2222 1468 2281 λίνεον
1502 2221 1594 2279 καὶ
1629 2219 1775 2299 ζῴων
1809 2224 1924 2280 ἐνυ·

334 2312 664 2390 φασμένων.
697 2315 937 2390 συχνῶν,
992 2311 1409 2387 κεκοσμημένον
1466 2308 1527 2369 δὲ
1587 2311 1782 2388 χρυσῷ
1833 2307 1926 2368 καὶ

332 2400 558 2476 εἰρίοισι
591 2398 703 2458 άπό
738 2399 929 2469 ξύλου.
996 2402 1107 2458 τῶν
1134 2398 1194 2458 δὲ
1229 2397 1408 2458 εἵνεκα
1446 2396 1738 2475 θωυμάσαι
1772 2395 1929 2468 ἄξιον

330 2487 609 2564 ἁρπεδόνη
655 2487 865 2564 ἑκάστη
906 2490 1007 2548 τοῦ
1049 2485 1296 2564 θώρηκος
1345 2487 1539 2547 ποιέει·
1596 2489 1768 2546 ἐοῦσα
1817 2485 1926 2567 γὰρ

329 2574 530 2651 λεπτή,
560 2577 675 2654 ἔχει
700 2573 1004 2653 ἁρπεδόνας
1039 2578 1098 2634 ἐν
1131 2577 1300 2652 ἑωυτῇ
1324 2574 1646 2652 τριηκοσίας
1681 2574 1772 2633 καὶ
1807 2573 1924 2650 ἑξή-

282 2687 305 2724 l
332 2689 502 2724 κοντα
530 2663 721 2726 πάσας
747 2662 1009 2741 φανεράς.
1075 2666 1326 2726 τοιοῦτος
1353 2662 1535 2740 ἕτερός
1559 2665 1682 2722 ἐστι
1707 2661 1798 2719 καὶ
1826 2660 1930 2721 τᾶν

332 2755 393 2812 ἐν
417 2751 599 2831 Λίνδῳ
624 2751 856 2828 οἷνέθηκε
878 2756 949 2831 τῇ
973 2751 1242 2830 Ἀθηναίῃ
1259 2751 1526 2827 Αμασις.

415 2839 880 2916 Συνεπελάβοντο
944 2839 1005 2900 δὲ
1055 2843 1157 2899 τοῦ
1207 2836 1623 2915 στρατεύματος
1677 2839 1778 2896 τοῦ
1834 2837 1925 2896 ἐπὶ
1942 2837 2020 2896 48

332 2925 545 3005 Σάμον,
602 2926 750 2988 ὥστε
799 2928 1078 3008 γενέσθαι,
1135 2926 1228 2984 καὶ
1281 2925 1569 3002 Κορίνθιοι
1613 2923 1924 3001 προθύμως.

330 3015 595 3094 υβρισμα
634 3015 745 3096 γοῖρ
790 3017 881 3074 καὶ
928 3021 982 3079 ἐς
1022 3013 1253 3080 τούτους
1296 3012 1410 3099 εἶχε
1453 3017 1514 3072 ἐκ
1553 3015 1664 3071 τῶν
1705 3011 1926 3087 Σαμίων

330 3103 634 3184 γενόμενον
658 3107 822 3185 γενεῇ
846 3102 1119 3180 πρότερον
1140 3105 1242 3161 τοῦ
1248 3098 1686 3208 στρατεύματος
1710 3097 1926 3158 τούτου·

332 3189 503 3274 [κατα
528 3190 599 3267 δη
626 3216 726 3251 τον
752 3190 920 3251 αυτόν
944 3190 1150 3269 χρόνον
1173 3191 1276 3250 τοῦ
1311 3192 1582 3264 κρητῆρος
1605 3188 1677 3266 τῇ
1703 3186 1930 3266 ἁρπαγῇ

332 3278 609 3362 γεγονός.]
662 3279 1031 3358 Κερκυραίων
1063 3276 1178 3358 γὰρ
1214 3276 1416 3340 παῖδας
1451 3275 1802 3354 τριηκοσίους
1834 3272 1928 3336 α’ν-
