2250 3500
299 123 397 171 202
896 119 1264 169 ἫΡοΔοῑιότ
1760 118 1896 183 [111.

296 224 383 263 τις
418 196 505 267 ἂν,
545 200 723 257 ταῦτα
758 196 1218 273 άναισιμοῦνται;
1260 197 1369 277 ἐγῶ
1409 198 1503 256 καὶ
1539 201 1710 257 τοῦτο
1749 199 1893 275 φρά-

298 311 401 347 σω·
450 285 536 343 δεῖ
565 283 667 344 τᾶν
706 286 811 359 μὲν
846 284 1136 363 δήμαρχον
1167 284 1407 344 ἕκαστον
1446 289 1508 344 ἐκ
1547 288 1651 360 τῆς
1691 288 1899 347 ἑωυτοῦ

297 373 497 435 πόλιος
549 372 905 441 συλλέξαντα
956 370 1142 431 πάντα
1192 370 1295 431 τὸν
1338 372 1581 449 κέραμον
1628 372 1787 453 ἄγειν
1842 380 1900 439 ἐς

297 462 555 536 Μέμφιν·
628 459 759 523 τούς
810 460 871 519 δὲ
920 465 982 519 ἐκ
1042 461 1312 536 Μέμφιος
1367 464 1423 523 ἐς
1472 463 1651 519 ταῦτα
1703 462 1772 536 δὴ
1825 462 1898 523 τὰ

298 547 505 625 ἄνυδρα
568 551 669 623 τῆς
731 549 934 625 Συρίης
1000 548 1244 624 κομίζειν
1293 546 1629 623 πλήσαντας
1677 548 1898 615 ὕδατος·

298 636 441 697 οὕτω
490 636 524 697 ὁ
558 638 908 712 ἐπιφοιτέων
966 636 1205 711 κέραμος
1263 635 1357 693 καὶ
1409 635 1788 713 ἐξαιρεόμενος
1839 642 1900 698 ἐν

298 725 561 805 Αἰγύπτῳ
616 725 709 784 ἐπὶ
764 724 865 783 τόν
920 724 1168 784 παλαιὸν
1227 722 1510 799 κομίζεται
1563 728 1619 786 ἐς
1671 724 1896 801 Συρίην.

236 812 270 873 7
300 813 461 873 Οὕτω
485 812 591 889 μέν
621 836 718 871 νυν
750 812 975 886 Πέρσαι
1011 811 1124 869 εἰσὶ
1166 812 1220 869 οἱ
1254 809 1360 886 τήν
1400 809 1661 885 ἐσβολήν
1689 811 1898 888 ταύτην

296 898 823 976 παρασκευάσαντες
871 897 955 957 ἐπ’
999 898 1301 979 Αἴγυπτον,
1348 897 1490 956 κατὰ
1529 897 1599 973 δή
1638 897 1712 957 τοὶ
1753 902 1897 975 εἰρη-

295 988 439 1063 μένα
479 986 749 1057 σάξαντες
792 985 965 1056 ὗδατι,
1008 987 1134 1045 ἐπεί
1166 1011 1229 1045 τε
1273 984 1519 1063 τάχιστα
1562 986 1898 1063 παρέλαβον

296 1076 599 1155 Αἴγιηιτον·
651 1073 779 1134 τότε
827 1073 887 1132 δὲ
928 1072 1029 1132 οῦκ
1071 1072 1258 1135 ἐόντος
1300 1098 1376 1131 κω
1415 1072 1614 1136 ὕδατος
1655 1076 1894 1150 ἑτοίμου,

298 1161 625 1238 Καμβύσης
668 1161 981 1238 πυθόμενος
1024 1165 1123 1219 τοῦ
1164 1160 1657 1237 Ἀλικαρνησσῆος
1697 1162 1892 1232 ξείνου,

295 1250 522 1330 πέμψας
565 1250 719 1327 παρὰ
764 1250 867 1310 τόν
910 1247 1187 1325 Ἀράβιον
1228 1248 1506 1329 ἀγγέλους
1546 1250 1640 1307 καὶ
1685 1249 1895 1325 δεηθεὶς

293 1342 395 1415 τῆς
434 1338 754 1415 ἀσφαλείης
791 1339 967 1417 ἔτυχε,
994 1337 1186 1399 πίστις
1221 1335 1348 1399 δούς
1385 1360 1448 1395 τε
1474 1336 1568 1395 καὶ
1601 1336 1895 1413 δεξάμενος

294 1425 427 1504 παρ’
454 1426 626 1487 aiv-015
632 1471 646 1484 .

242 1516 279 1573 8
378 1516 655 1591 Σέβονται
711 1514 771 1573 δὲ
820 1512 1085 1591 Ἀράβιοι
1136 1512 1326 1573 πίστις
1373 1507 1674 1589 ἀνθρώπων
1725 1511 1894 1588 ὁμοῖα

293 1604 447 1661 τοῖσι
480 1601 755 1677 μάλιστα.
837 1604 1119 1659 ποιεῦνται
1160 1598 1221 1658 δὲ
1255 1596 1424 1661 αὐτὰς
1461 1597 1651 1679 τρόπῳ
1684 1600 1892 1678 τοιῷδε·

293 1692 403 1748 τῶν
448 1689 813 1765 βουλομένων
853 1687 926 1746 τοὶ
972 1685 1153 1745 πιστιὶ
1193 1686 1486 1746 ποιέεσθαι
1533 1685 1711 1752 ἄλλος
1753 1687 1893 1766 ἀνὴρ

294 1775 624 1852 ἀμφοτέρων
650 1774 831 1835 αὐτῶν
857 1779 918 1834 ἐν
940 1774 1099 1852 μέσῳ
1127 1773 1348 1844 ἑστεοὶς,
1374 1775 1516 1854 λίθῳ
1542 1774 1664 1846 ὀξέϊ
1685 1776 1756 1836 τὸ
1783 1777 1894 1836 ἔσω

293 1866 403 1923 τῶν
451 1866 650 1941 χειρῶν
702 1860 857 1938 παρὰ
899 1861 1029 1926 τούς
1074 1861 1382 1926 δακτύλους
1432 1862 1562 1925 τοῦς
1611 1861 1895 1945 μεγάλους

294 1951 579 2028 ἐπιτάμνει
618 1954 731 2012 τῶν
772 1949 1111 2027 ποιευμένων
1151 1949 1254 2014 τσῖς
1292 1951 1502 2014 πίστις·
1570 1952 1662 2011 καὶ
1703 1953 1892 2012 ἔπειτα

292 2039 492 2116 λαβών
517 2044 579 2099 ἐκ
602 2043 705 2099 τοῦ
732 2039 951 2116 ἱματίου
983 2038 1244 2115 ἐκατέρου
1284 2037 1538 2116 κροκύδα,
1567 2038 1792 2116 ἀλείφει
1815 2044 1894 2119 τῷ

292 2128 486 2204 αἵματι
533 2132 591 2189 ἐν
633 2129 791 2208 μέσῳ
835 2128 1113 2204 κειμένους
1155 2127 1347 2189 λίθους
1395 2127 1552 2186 ἑπτά·
1620 2131 1790 2187 τοῦτο
1831 2128 1892 2188 δὲ

291 2217 491 2278 ποιέων
518 2218 797 2276 ἐπικαλέει
822 2215 921 2276 τόν
945 2205 1008 2274 τῖε
1036 2214 1318 2275 Διόνυσον
1344 2215 1436 2273 καὶ
1460 2214 1564 2290 τήν
1593 2214 1889 2292 Οὐρανίην·

292 2304 714 2366 ἐπιτελέσαντος
746 2303 805 2362 δὲ
844 2301 1045 2362 τούτου
1074 2305 1268 2372 ταῦτα,
1305 2299 1337 2360 ὅ
1371 2299 1472 2364 τοὶς
1502 2301 1694 2365 πίστις
1733 2329 1888 2378 ποιη-

292 2389 533 2465 σάμενος
563 2393 715 2449 τοῖσι
751 2390 981 2465 φίλοισι
1018 2392 1312 2470 παρεγγυᾷ.
1340 2388 1440 2449 τόν
1477 2389 1672 2459 ξεῖνον,
1699 2389 1760 2469 (ἢ
1798 2393 1890 2450 καὶ

290 2476 389 2536 τόν
423 2475 599 2538 οἷστὸν
624 2475 694 2552 ἣν
727 2476 867 2553 πρὸς
893 2476 1070 2536 άστᾶν
1095 2477 1393 2555 ποιέηται,>
1424 2479 1478 2536 οἶ
1504 2476 1564 2535 δὲ
1591 2479 1760 2552 φίλοι
1797 2480 1890 2537 καὶ

292 2562 451 2624 αὐτοὶ
474 2563 576 2629 τας
606 2565 797 2628 πίστις
830 2565 1101 2624 δικαιεῦσι
1137 2565 1437 2640 σέβεσθαι.
1522 2564 1805 2625 Διόνυσον
1829 2565 1890 2625 δὲ

292 2653 420 2715 θεόν
456 2657 666 2732 μοῦνον
706 2654 799 2712 καὶ
836 2652 940 2730 τήν
982 2653 1261 2731 Οὐρανίην
1299 2651 1560 2734 ἡγεῦνται
1595 2651 1753 2712 εἶναι·
1795 2653 1890 2713 καὶ

291 2746 401 2803 τῶν
444 2738 657 2822 ’τριχῶν
707 2742 813 2818 τήν
865 2742 1068 2818 κουρὴν
1116 2741 1406 2817 κείρεσθαί
1447 2747 1598 2817 φασι
1639 2740 1888 2818 κατάπερ

291 2829 458 2890 αύτόν
485 2830 585 2890 τόν
612 2831 891 2891 Διόνυσον
928 2828 1208 2906 κεκάρθαι·
1251 2829 1523 2905 κείρονται
1549 2829 1611 2888 δὲ
1635 2829 1886 2906 περιτρό-

289 2921 459 2995 χαλα,
476 2960 485 2966 ·
500 2919 915 2995 περιξυροῦντες
953 2916 1085 2980 τούς
1118 2915 1449 2992 κροτάφους·
1511 2915 1889 2992 ούνομάζουσι

291 3003 349 3061 δὲ
399 3005 499 3064 τόν
548 3009 651 3082 μὲν
705 3004 983 3066 Διόνυσον
1033 3003 1299 3080 Ὀροτοὶλ,
1340 3004 1446 3079 τήν
1499 3005 1560 3064 δὲ
1608 3002 1905 3081 Οὐρανίην*

288 3087 544 3150 Ἀλιλάπ
1701 3139 1722 3164 κ

236 3175 273 3228 9
366 3174 527 3235 Ἐπεὶ
555 3176 630 3239 ὧν
660 3177 765 3254 τήν
794 3179 989 3239 πίστιν
1022 3180 1176 3238 τοῖσι
1207 3177 1505 3259 ἀγγέλοισι
1539 3183 1694 3240 τοῖσι
1728 3179 1888 3258 παρὰ

291 3262 621 3334 Καμβύσεω
646 3264 1005 3347 ἀπιγμένοισι
1033 3264 1342 3341 ἐποιήσατο
1372 3266 1404 3326 ὁ
1435 3265 1722 3344 Ἀράβιος,
1751 3273 1882 3346 ἐμη-
