<?xml version="1.0" encoding="UTF-8"?>
<!DOCTYPE html PUBLIC "-//W3C//DTD XHTML 1.0 Transitional//EN"
    "http://www.w3.org/TR/xhtml1/DTD/xhtml1-transitional.dtd">
<html xmlns="http://www.w3.org/1999/xhtml" xml:lang="en" lang="en">
 <head>
  <title>
</title>
<meta http-equiv="Content-Type" content="text/html;charset=utf-8" />
  <meta name='ocr-system' content='tesseract 3.04.00' />
  <meta name='ocr-capabilities' content='ocr_page ocr_carea ocr_par ocr_line ocrx_word'/>
</head>
<body>
  <div class='ocr_page' id='page_1' title='image "./herodotus04blakgoog_0273.png"; bbox 0 0 2250 3500; ppageno 0'>
   <div class='ocr_carea' id='block_1_1' title="bbox 292 114 2005 3352">
    <p class='ocr_par' dir='ltr' id='par_1_1' title="bbox 292 114 1898 537">
     <span class='ocr_line' id='line_1_1' title="bbox 296 114 1894 184; baseline -0.003 -15"><span class='ocrx_word' id='word_1_1' title='bbox 296 118 551 184; x_wconf 77' lang='lat'>99—104]</span> <span class='ocrx_word' id='word_1_2' title='bbox 975 118 1244 169; x_wconf 73' lang='lat' dir='ltr'><strong>eAAmA.</strong></span> <span class='ocrx_word' id='word_1_3' title='bbox 1795 114 1894 165; x_wconf 77' lang='lat'>2⁵1</span> 
     </span>
     <span class='ocr_line' id='line_1_2' title="bbox 292 195 1897 307; baseline -0.001 -50"><span class='ocrx_word' id='word_1_4' title='bbox 292 202 539 307; x_wconf 73' lang='grc' dir='ltr'>χρῶμα·</span> <span class='ocrx_word' id='word_1_5' title='bbox 564 199 825 276; x_wconf 72' lang='grc' dir='ltr'>τοιαύτην</span> <span class='ocrx_word' id='word_1_6' title='bbox 866 197 927 259; x_wconf 77' lang='grc' dir='ltr'>δὲ</span> <span class='ocrx_word' id='word_1_7' title='bbox 968 198 1061 258; x_wconf 86' lang='grc' dir='ltr'>καὶ</span> <span class='ocrx_word' id='word_1_8' title='bbox 1103 198 1370 261; x_wconf 77' lang='grc' dir='ltr'>Αἰθίοπες</span> <span class='ocrx_word' id='word_1_9' title='bbox 1393 196 1666 259; x_wconf 69' lang='grc' dir='ltr'>’ἀπίενται</span> <span class='ocrx_word' id='word_1_10' title='bbox 1704 195 1897 275; x_wconf 78' lang='grc' dir='ltr'>θορήν.</span> 
     </span>
     <span class='ocr_line' id='line_1_3' title="bbox 296 281 1898 361; baseline -0.001 -16"><span class='ocrx_word' id='word_1_11' title='bbox 296 281 453 345; x_wconf 71' lang='grc' dir='ltr'>οὗτοι</span> <span class='ocrx_word' id='word_1_12' title='bbox 470 287 575 361; x_wconf 84' lang='grc' dir='ltr'>μὲν</span> <span class='ocrx_word' id='word_1_13' title='bbox 592 288 704 346; x_wconf 84' lang='grc' dir='ltr'>τῶν</span> <span class='ocrx_word' id='word_1_14' title='bbox 720 284 954 345; x_wconf 62' lang='grc' dir='ltr'>Ἰνδῶν*</span> <span class='ocrx_word' id='word_1_15' title='bbox 928 284 1210 361; x_wconf 87' lang='grc' dir='ltr'>εκαστέρω</span> <span class='ocrx_word' id='word_1_16' title='bbox 1227 289 1338 344; x_wconf 87' lang='grc' dir='ltr'>τῶν</span> <span class='ocrx_word' id='word_1_17' title='bbox 1354 286 1622 361; x_wconf 88' lang='grc' dir='ltr'>Περσέων</span> <span class='ocrx_word' id='word_1_18' title='bbox 1636 284 1898 357; x_wconf 78' lang='grc' dir='ltr'>οἰκέουσι,</span> 
     </span>
     <span class='ocr_line' id='line_1_4' title="bbox 296 370 1898 449; baseline 0.001 -19"><span class='ocrx_word' id='word_1_19' title='bbox 296 372 393 430; x_wconf 83' lang='grc' dir='ltr'>καὶ</span> <span class='ocrx_word' id='word_1_20' title='bbox 416 372 558 449; x_wconf 80' lang='grc' dir='ltr'>πρός</span> <span class='ocrx_word' id='word_1_21' title='bbox 584 370 747 433; x_wconf 85' lang='grc' dir='ltr'>νότου</span> <span class='ocrx_word' id='word_1_22' title='bbox 773 371 999 449; x_wconf 88' lang='grc' dir='ltr'>α’νέμου·</span> <span class='ocrx_word' id='word_1_23' title='bbox 1042 372 1136 431; x_wconf 85' lang='grc' dir='ltr'>καὶ</span> <span class='ocrx_word' id='word_1_24' title='bbox 1162 371 1404 449; x_wconf 80' lang='grc' dir='ltr'>Δαρείου</span> <span class='ocrx_word' id='word_1_25' title='bbox 1426 372 1708 449; x_wconf 86' lang='grc' dir='ltr'>βασιλέος</span> <span class='ocrx_word' id='word_1_26' title='bbox 1735 371 1898 433; x_wconf 78' lang='grc' dir='ltr'>οὖδα·</span> 
     </span>
     <span class='ocr_line' id='line_1_5' title="bbox 293 458 752 537; baseline 0.002 -19"><span class='ocrx_word' id='word_1_27' title='bbox 293 458 381 537; x_wconf 77' lang='grc' dir='ltr'>μοὶ</span> <span class='ocrx_word' id='word_1_28' title='bbox 406 458 752 535; x_wconf 78' lang='grc' dir='ltr'>υπ-ήκουσαν.</span> 
     </span>
    </p>

    <p class='ocr_par' dir='ltr' id='par_1_2' title="bbox 294 545 2005 3352">
     <span class='ocr_line' id='line_1_6' title="bbox 370 545 1994 627; baseline 0.001 -21.015"><span class='ocrx_word' id='word_1_29' title='bbox 370 545 583 607; x_wconf 80' lang='grc' dir='ltr'>Ἀλλοι</span> <span class='ocrx_word' id='word_1_30' title='bbox 606 548 669 606; x_wconf 79' lang='grc' dir='ltr'>δὲ</span> <span class='ocrx_word' id='word_1_31' title='bbox 690 550 801 607; x_wconf 88' lang='grc' dir='ltr'>τῶν</span> <span class='ocrx_word' id='word_1_32' title='bbox 812 546 1001 607; x_wconf 88' lang='grc' dir='ltr'>Ἰνδων</span> <span class='ocrx_word' id='word_1_33' title='bbox 1026 546 1390 627; x_wconf 77' lang='grc' dir='ltr'>Κασπατύρῳ</span> <span class='ocrx_word' id='word_1_34' title='bbox 1415 573 1478 608; x_wconf 93' lang='grc' dir='ltr'>τε</span> <span class='ocrx_word' id='word_1_35' title='bbox 1504 546 1644 607; x_wconf 88' lang='grc' dir='ltr'>πόλι</span> <span class='ocrx_word' id='word_1_36' title='bbox 1671 548 1762 606; x_wconf 78' lang='grc' dir='ltr'>καὶ</span> <span class='ocrx_word' id='word_1_37' title='bbox 1786 574 1858 626; x_wconf 87' lang='grc' dir='ltr'>τῃ</span> <span class='ocrx_word' id='word_1_38' title='bbox 1829 548 1994 607; x_wconf 82' lang='grc'><strong>’102</strong></span> 
     </span>
     <span class='ocr_line' id='line_1_7' title="bbox 296 634 1899 714; baseline 0 -21"><span class='ocrx_word' id='word_1_39' title='bbox 296 638 593 713; x_wconf 76' lang='grc' dir='ltr'>Πακτυϊκῇ</span> <span class='ocrx_word' id='word_1_40' title='bbox 616 634 773 714; x_wconf 77' lang='grc' dir='ltr'>χώρῃ</span> <span class='ocrx_word' id='word_1_41' title='bbox 799 634 913 695; x_wconf 83' lang='grc' dir='ltr'>εἰσὶ</span> <span class='ocrx_word' id='word_1_42' title='bbox 946 634 1272 713; x_wconf 79' lang='grc' dir='ltr'>πρόσουροι,</span> <span class='ocrx_word' id='word_1_43' title='bbox 1300 634 1440 713; x_wconf 72' lang='grc' dir='ltr'>πρὸς</span> <span class='ocrx_word' id='word_1_44' title='bbox 1480 634 1686 712; x_wconf 77' lang='grc' dir='ltr'>ἄρκτου</span> <span class='ocrx_word' id='word_1_45' title='bbox 1718 660 1782 694; x_wconf 91' lang='grc' dir='ltr'>τε</span> <span class='ocrx_word' id='word_1_46' title='bbox 1808 636 1899 693; x_wconf 81' lang='grc' dir='ltr'>καὶ</span> 
     </span>
     <span class='ocr_line' id='line_1_8' title="bbox 294 721 1902 801; baseline 0.001 -20"><span class='ocrx_word' id='word_1_47' title='bbox 294 724 487 801; x_wconf 83' lang='grc' dir='ltr'>βορέω</span> <span class='ocrx_word' id='word_1_48' title='bbox 536 722 745 799; x_wconf 83' lang='grc' dir='ltr'>άνέμου</span> <span class='ocrx_word' id='word_1_49' title='bbox 782 724 1172 800; x_wconf 82' lang='grc' dir='ltr'>κατοικημένοι</span> <span class='ocrx_word' id='word_1_50' title='bbox 1208 726 1320 783; x_wconf 88' lang='grc' dir='ltr'>τῶν</span> <span class='ocrx_word' id='word_1_51' title='bbox 1359 721 1550 784; x_wconf 76' lang='grc' dir='ltr'>ἄλλων</span> <span class='ocrx_word' id='word_1_52' title='bbox 1588 722 1790 793; x_wconf 88' lang='grc' dir='ltr'>Ἰνδῶν,</span> <span class='ocrx_word' id='word_1_53' title='bbox 1846 721 1902 782; x_wconf 76' lang='grc' dir='ltr'>οἳ</span> 
     </span>
     <span class='ocr_line' id='line_1_9' title="bbox 297 807 1901 891; baseline -0.001 -22"><span class='ocrx_word' id='word_1_54' title='bbox 297 810 629 888; x_wconf 82' lang='grc' dir='ltr'>Βακτρίοισι</span> <span class='ocrx_word' id='word_1_55' title='bbox 652 810 1059 888; x_wconf 80' lang='grc' dir='ltr'>παραπλησίην</span> <span class='ocrx_word' id='word_1_56' title='bbox 1084 812 1280 891; x_wconf 81' lang='grc' dir='ltr'>ἔχουσι</span> <span class='ocrx_word' id='word_1_57' title='bbox 1311 812 1544 871; x_wconf 84' lang='grc' dir='ltr'>δίαιταν.</span> <span class='ocrx_word' id='word_1_58' title='bbox 1628 807 1781 871; x_wconf 73' lang='grc' dir='ltr'>οὗτοι</span> <span class='ocrx_word' id='word_1_59' title='bbox 1807 810 1901 868; x_wconf 76' lang='grc' dir='ltr'>καὶ</span> 
     </span>
     <span class='ocr_line' id='line_1_10' title="bbox 296 896 1900 977; baseline 0 -20"><span class='ocrx_word' id='word_1_60' title='bbox 296 897 691 977; x_wconf 66' lang='grc' dir='ltr'>μαχιμῶτητοί</span> <span class='ocrx_word' id='word_1_61' title='bbox 738 901 851 958; x_wconf 84' lang='grc' dir='ltr'>εἰσι</span> <span class='ocrx_word' id='word_1_62' title='bbox 899 896 1103 972; x_wconf 87' lang='grc' dir='ltr'>Ἰνδῶν,</span> <span class='ocrx_word' id='word_1_63' title='bbox 1154 899 1249 958; x_wconf 88' lang='grc' dir='ltr'>καὶ</span> <span class='ocrx_word' id='word_1_64' title='bbox 1295 900 1350 959; x_wconf 79' lang='grc' dir='ltr'>οἱ</span> <span class='ocrx_word' id='word_1_65' title='bbox 1401 900 1494 958; x_wconf 81' lang='grc' dir='ltr'>ἐπὶ</span> <span class='ocrx_word' id='word_1_66' title='bbox 1545 898 1645 959; x_wconf 76' lang='grc' dir='ltr'>τόν</span> <span class='ocrx_word' id='word_1_67' title='bbox 1685 896 1900 977; x_wconf 78' lang='grc' dir='ltr'>χρυσδν</span> 
     </span>
     <span class='ocr_line' id='line_1_11' title="bbox 298 982 1900 1067; baseline 0.001 -22"><span class='ocrx_word' id='word_1_68' title='bbox 298 986 674 1061; x_wconf 78' lang='grc' dir='ltr'>στελλόμενοι</span> <span class='ocrx_word' id='word_1_69' title='bbox 725 986 839 1045; x_wconf 84' lang='grc' dir='ltr'>εἶσὶ</span> <span class='ocrx_word' id='word_1_70' title='bbox 906 982 1078 1045; x_wconf 78' lang='grc' dir='ltr'>οὗτοι.</span> <span class='ocrx_word' id='word_1_71' title='bbox 1163 985 1304 1045; x_wconf 84' lang='grc' dir='ltr'>κατοὶ</span> <span class='ocrx_word' id='word_1_72' title='bbox 1368 987 1482 1067; x_wconf 73' lang='grc' dir='ltr'>γάρ</span> <span class='ocrx_word' id='word_1_73' title='bbox 1547 986 1718 1047; x_wconf 86' lang='grc' dir='ltr'>τοῦτό</span> <span class='ocrx_word' id='word_1_74' title='bbox 1775 992 1900 1047; x_wconf 82' lang='grc' dir='ltr'>ἐστι</span> 
     </span>
     <span class='ocr_line' id='line_1_12' title="bbox 300 1071 1898 1155; baseline 0.002 -25"><span class='ocrx_word' id='word_1_75' title='bbox 300 1073 500 1150; x_wconf 86' lang='grc' dir='ltr'>ε’ρημίη</span> <span class='ocrx_word' id='word_1_76' title='bbox 526 1072 618 1132; x_wconf 72' lang='grc' dir='ltr'>διδ.</span> <span class='ocrx_word' id='word_1_77' title='bbox 643 1073 749 1150; x_wconf 76' lang='grc' dir='ltr'>τὴν</span> <span class='ocrx_word' id='word_1_78' title='bbox 777 1071 1031 1153; x_wconf 88' lang='grc' dir='ltr'>ψάμμον·</span> <span class='ocrx_word' id='word_1_79' title='bbox 1073 1078 1132 1133; x_wconf 81' lang='grc' dir='ltr'>ἐν</span> <span class='ocrx_word' id='word_1_80' title='bbox 1167 1073 1236 1149; x_wconf 77' lang='grc' dir='ltr'>δὴ</span> <span class='ocrx_word' id='word_1_81' title='bbox 1275 1072 1350 1135; x_wconf 75' lang='grc' dir='ltr'>ὧν</span> <span class='ocrx_word' id='word_1_82' title='bbox 1377 1078 1450 1153; x_wconf 83' lang='grc' dir='ltr'>τῇ</span> <span class='ocrx_word' id='word_1_83' title='bbox 1492 1077 1692 1155; x_wconf 80' lang='grc' dir='ltr'>ἐρημίῃ</span> <span class='ocrx_word' id='word_1_84' title='bbox 1721 1074 1898 1153; x_wconf 81' lang='grc' dir='ltr'>ταύτῃ</span> 
     </span>
     <span class='ocr_line' id='line_1_13' title="bbox 300 1160 1898 1243; baseline 0.003 -24"><span class='ocrx_word' id='word_1_85' title='bbox 300 1162 395 1220; x_wconf 87' lang='grc' dir='ltr'>καὶ</span> <span class='ocrx_word' id='word_1_86' title='bbox 423 1164 498 1239; x_wconf 76' lang='grc' dir='ltr'>τῇ</span> <span class='ocrx_word' id='word_1_87' title='bbox 530 1160 743 1240; x_wconf 78' lang='grc' dir='ltr'>ψάμμῳ</span> <span class='ocrx_word' id='word_1_88' title='bbox 781 1162 1031 1242; x_wconf 89' lang='grc' dir='ltr'>γίνονται</span> <span class='ocrx_word' id='word_1_89' title='bbox 1068 1160 1354 1238; x_wconf 77' lang='grc' dir='ltr'>μύρμηκες</span> <span class='ocrx_word' id='word_1_90' title='bbox 1389 1162 1640 1243; x_wconf 81' lang='grc' dir='ltr'>μεγάθεα</span> <span class='ocrx_word' id='word_1_91' title='bbox 1679 1163 1898 1241; x_wconf 79' lang='grc' dir='ltr'>ἔχοντες</span> 
     </span>
     <span class='ocr_line' id='line_1_14' title="bbox 301 1247 1900 1330; baseline -0.001 -21"><span class='ocrx_word' id='word_1_92' title='bbox 301 1252 475 1309; x_wconf 83' lang='grc' dir='ltr'>κυνῶν</span> <span class='ocrx_word' id='word_1_93' title='bbox 497 1251 601 1325; x_wconf 79' lang='grc' dir='ltr'>μὲν</span> <span class='ocrx_word' id='word_1_94' title='bbox 628 1248 921 1310; x_wconf 80' lang='grc' dir='ltr'>ἐλάσσονα</span> <span class='ocrx_word' id='word_1_95' title='bbox 946 1247 1276 1309; x_wconf 81' lang='grc' dir='ltr'>άλωπέκεων</span> <span class='ocrx_word' id='word_1_96' title='bbox 1300 1248 1360 1308; x_wconf 83' lang='grc' dir='ltr'>δὲ</span> <span class='ocrx_word' id='word_1_97' title='bbox 1386 1250 1610 1325; x_wconf 86' lang='grc' dir='ltr'>μέζονα·</span> <span class='ocrx_word' id='word_1_98' title='bbox 1652 1250 1766 1307; x_wconf 81' lang='grc' dir='ltr'>εἰσὶ</span> <span class='ocrx_word' id='word_1_99' title='bbox 1787 1248 1900 1330; x_wconf 73' lang='grc' dir='ltr'>γσῖρ</span> 
     </span>
     <span class='ocr_line' id='line_1_15' title="bbox 300 1335 1903 1447; baseline 0.001 -53"><span class='ocrx_word' id='word_1_100' title='bbox 300 1336 483 1397; x_wconf 71' lang='grc' dir='ltr'>αὐτῶν</span> <span class='ocrx_word' id='word_1_101' title='bbox 531 1337 625 1396; x_wconf 83' lang='grc' dir='ltr'>καὶ</span> <span class='ocrx_word' id='word_1_102' title='bbox 668 1336 822 1447; x_wconf 64' lang='grc' dir='ltr'>παριΞ</span> <span class='ocrx_word' id='word_1_103' title='bbox 867 1335 1113 1413; x_wconf 82' lang='grc' dir='ltr'>βασιλέϊ</span> <span class='ocrx_word' id='word_1_104' title='bbox 1158 1338 1270 1395; x_wconf 87' lang='grc' dir='ltr'>τῶν</span> <span class='ocrx_word' id='word_1_105' title='bbox 1321 1336 1605 1412; x_wconf 89' lang='grc' dir='ltr'>Περσέων,</span> <span class='ocrx_word' id='word_1_106' title='bbox 1655 1336 1903 1396; x_wconf 81' lang='grc' dir='ltr'>ἐνθεῦτεν</span> 
     </span>
     <span class='ocr_line' id='line_1_16' title="bbox 301 1420 1902 1501; baseline -0.001 -17"><span class='ocrx_word' id='word_1_107' title='bbox 301 1424 673 1501; x_wconf 83' lang='grc' dir='ltr'>θηρευθέντες.</span> <span class='ocrx_word' id='word_1_108' title='bbox 754 1422 909 1485; x_wconf 77' lang='grc' dir='ltr'>οὗτοι</span> <span class='ocrx_word' id='word_1_109' title='bbox 976 1421 1050 1483; x_wconf 76' lang='grc' dir='ltr'>ὧν</span> <span class='ocrx_word' id='word_1_110' title='bbox 1115 1426 1170 1483; x_wconf 83' lang='grc' dir='ltr'>οἱ</span> <span class='ocrx_word' id='word_1_111' title='bbox 1233 1420 1518 1500; x_wconf 81' lang='grc' dir='ltr'>μύρμηκες</span> <span class='ocrx_word' id='word_1_112' title='bbox 1580 1422 1902 1499; x_wconf 81' lang='grc' dir='ltr'>ποιεύμενοι</span> 
     </span>
     <span class='ocr_line' id='line_1_17' title="bbox 301 1508 1914 1593; baseline -0.002 -22"><span class='ocrx_word' id='word_1_113' title='bbox 301 1511 523 1587; x_wconf 78' lang='grc' dir='ltr'>οἴκησιν</span> <span class='ocrx_word' id='word_1_114' title='bbox 546 1512 659 1573; x_wconf 78' lang='grc' dir='ltr'>ύπό</span> <span class='ocrx_word' id='word_1_115' title='bbox 680 1516 808 1593; x_wconf 80' lang='grc' dir='ltr'>γῆν,</span> <span class='ocrx_word' id='word_1_116' title='bbox 834 1510 1214 1588; x_wconf 70' lang='grc' dir='ltr'>ἀναφορέουσι</span> <span class='ocrx_word' id='word_1_117' title='bbox 1238 1509 1346 1587; x_wconf 80' lang='grc' dir='ltr'>τήν</span> <span class='ocrx_word' id='word_1_118' title='bbox 1378 1510 1628 1588; x_wconf 82' lang='grc' dir='ltr'>ψάμμον,</span> <span class='ocrx_word' id='word_1_119' title='bbox 1647 1508 1914 1587; x_wconf 71' lang='grc' dir='ltr'>κατάπερ</span> 
     </span>
     <span class='ocr_line' id='line_1_18' title="bbox 302 1596 1902 1676; baseline -0.001 -15"><span class='ocrx_word' id='word_1_120' title='bbox 302 1602 359 1661; x_wconf 84' lang='grc' dir='ltr'>οἶ</span> <span class='ocrx_word' id='word_1_121' title='bbox 386 1604 443 1659; x_wconf 79' lang='grc' dir='ltr'>ἐν</span> <span class='ocrx_word' id='word_1_122' title='bbox 467 1604 623 1662; x_wconf 81' lang='grc' dir='ltr'>τοῖσι</span> <span class='ocrx_word' id='word_1_123' title='bbox 637 1599 896 1676; x_wconf 86' lang='grc' dir='ltr'>Ελλησι</span> <span class='ocrx_word' id='word_1_124' title='bbox 918 1597 1218 1676; x_wconf 78' lang='grc' dir='ltr'>μύρμηκες,</span> <span class='ocrx_word' id='word_1_125' title='bbox 1242 1598 1334 1657; x_wconf 87' lang='grc' dir='ltr'>καὶ</span> <span class='ocrx_word' id='word_1_126' title='bbox 1357 1598 1456 1659; x_wconf 81' lang='grc' dir='ltr'>τὸν</span> <span class='ocrx_word' id='word_1_127' title='bbox 1482 1598 1652 1659; x_wconf 62' lang='lat' dir='ltr'>ada-dv</span> <span class='ocrx_word' id='word_1_128' title='bbox 1674 1596 1902 1676; x_wconf 81' lang='grc' dir='ltr'>τρόπον·</span> 
     </span>
     <span class='ocr_line' id='line_1_19' title="bbox 304 1684 1906 1767; baseline 0 -20"><span class='ocrx_word' id='word_1_129' title='bbox 304 1688 417 1747; x_wconf 82' lang='grc' dir='ltr'>εἶσὶ</span> <span class='ocrx_word' id='word_1_130' title='bbox 442 1688 502 1747; x_wconf 86' lang='grc' dir='ltr'>δὲ</span> <span class='ocrx_word' id='word_1_131' title='bbox 527 1689 619 1747; x_wconf 80' lang='grc' dir='ltr'>καὶ</span> <span class='ocrx_word' id='word_1_132' title='bbox 654 1687 721 1766; x_wconf 68' lang='grc' dir='ltr'>τᾷ</span> <span class='ocrx_word' id='word_1_133' title='bbox 760 1688 904 1752; x_wconf 82' lang='grc' dir='ltr'>εἶδος</span> <span class='ocrx_word' id='word_1_134' title='bbox 935 1686 1261 1764; x_wconf 80' lang='grc' dir='ltr'>ὁμοιότατοι</span> <span class='ocrx_word' id='word_1_135' title='bbox 1292 1684 1466 1747; x_wconf 81' lang='grc' dir='ltr'>οὗτοι·</span> <span class='ocrx_word' id='word_1_136' title='bbox 1506 1686 1546 1764; x_wconf 81' lang='grc' dir='ltr'><em>ἦ</em></span> <span class='ocrx_word' id='word_1_137' title='bbox 1582 1687 1642 1746; x_wconf 84' lang='grc' dir='ltr'>δὲ</span> <span class='ocrx_word' id='word_1_138' title='bbox 1673 1686 1906 1767; x_wconf 79' lang='grc' dir='ltr'>ψάμμος</span> 
     </span>
     <span class='ocr_line' id='line_1_20' title="bbox 302 1775 1904 1854; baseline 0.001 -18"><span class='ocrx_word' id='word_1_139' title='bbox 302 1775 342 1852; x_wconf 83' lang='grc' dir='ltr'><em>ἦ</em></span> <span class='ocrx_word' id='word_1_140' title='bbox 367 1776 757 1854; x_wconf 75' lang='grc' dir='ltr'>ἀναφερομένη</span> <span class='ocrx_word' id='word_1_141' title='bbox 800 1776 925 1836; x_wconf 82' lang='grc' dir='ltr'>ἐστὶ</span> <span class='ocrx_word' id='word_1_142' title='bbox 962 1778 1237 1854; x_wconf 75' lang='grc' dir='ltr'>χρυσῖτις.</span> <span class='ocrx_word' id='word_1_143' title='bbox 1321 1776 1413 1836; x_wconf 78' lang='grc' dir='ltr'>ἐπὶ</span> <span class='ocrx_word' id='word_1_144' title='bbox 1453 1776 1522 1852; x_wconf 74' lang='grc' dir='ltr'>δή</span> <span class='ocrx_word' id='word_1_145' title='bbox 1563 1776 1770 1852; x_wconf 85' lang='grc' dir='ltr'>ταύτην</span> <span class='ocrx_word' id='word_1_146' title='bbox 1799 1776 1904 1853; x_wconf 80' lang='grc' dir='ltr'>τήν</span> 
     </span>
     <span class='ocr_line' id='line_1_21' title="bbox 304 1863 1906 1943; baseline 0.001 -21"><span class='ocrx_word' id='word_1_147' title='bbox 304 1863 537 1943; x_wconf 80' lang='grc' dir='ltr'>ψάμμον</span> <span class='ocrx_word' id='word_1_148' title='bbox 567 1866 907 1926; x_wconf 81' lang='grc' dir='ltr'>στέλλονται</span> <span class='ocrx_word' id='word_1_149' title='bbox 947 1867 1003 1927; x_wconf 80' lang='grc' dir='ltr'>ἐς</span> <span class='ocrx_word' id='word_1_150' title='bbox 1035 1863 1140 1940; x_wconf 80' lang='grc' dir='ltr'>τὴν</span> <span class='ocrx_word' id='word_1_151' title='bbox 1171 1868 1380 1942; x_wconf 86' lang='grc' dir='ltr'>ε’ρῆμον</span> <span class='ocrx_word' id='word_1_152' title='bbox 1410 1867 1465 1924; x_wconf 83' lang='grc' dir='ltr'>οἱ</span> <span class='ocrx_word' id='word_1_153' title='bbox 1499 1864 1680 1934; x_wconf 83' lang='grc' dir='ltr'>Ἰνδοὶ,</span> <span class='ocrx_word' id='word_1_154' title='bbox 1720 1863 1906 1936; x_wconf 83' lang='grc' dir='ltr'>ζευξά-</span> 
     </span>
     <span class='ocr_line' id='line_1_22' title="bbox 302 1950 1908 2028; baseline -0.001 -16"><span class='ocrx_word' id='word_1_155' title='bbox 302 1977 471 2028; x_wconf 85' lang='grc' dir='ltr'>μενος</span> <span class='ocrx_word' id='word_1_156' title='bbox 528 1953 762 2016; x_wconf 74' lang='grc' dir='ltr'>ἔκαστος</span> <span class='ocrx_word' id='word_1_157' title='bbox 827 1951 1115 2028; x_wconf 87' lang='grc' dir='ltr'>καμήλους</span> <span class='ocrx_word' id='word_1_158' title='bbox 1173 1955 1337 2027; x_wconf 80' lang='grc' dir='ltr'>τρεῖς,</span> <span class='ocrx_word' id='word_1_159' title='bbox 1402 1950 1746 2027; x_wconf 86' lang='grc' dir='ltr'>σειρηφόρον</span> <span class='ocrx_word' id='word_1_160' title='bbox 1802 1953 1908 2027; x_wconf 79' lang='grc' dir='ltr'>μὲν</span> 
     </span>
     <span class='ocr_line' id='line_1_23' title="bbox 306 2036 1907 2118; baseline -0.001 -19"><span class='ocrx_word' id='word_1_161' title='bbox 306 2041 638 2118; x_wconf 82' lang='grc' dir='ltr'>ἑκατέρωθεν</span> <span class='ocrx_word' id='word_1_162' title='bbox 673 2041 875 2118; x_wconf 82' lang='grc' dir='ltr'>ἔρσενα</span> <span class='ocrx_word' id='word_1_163' title='bbox 907 2038 1224 2116; x_wconf 83' lang='grc' dir='ltr'>παρέλκειν,</span> <span class='ocrx_word' id='word_1_164' title='bbox 1267 2036 1478 2112; x_wconf 89' lang='grc' dir='ltr'>θήλεαν</span> <span class='ocrx_word' id='word_1_165' title='bbox 1518 2038 1578 2095; x_wconf 86' lang='grc' dir='ltr'>δὲ</span> <span class='ocrx_word' id='word_1_166' title='bbox 1615 2043 1670 2099; x_wconf 79' lang='grc' dir='ltr'>ἐς</span> <span class='ocrx_word' id='word_1_167' title='bbox 1707 2037 1907 2113; x_wconf 85' lang='grc' dir='ltr'>μέσον·</span> 
     </span>
     <span class='ocr_line' id='line_1_24' title="bbox 306 2123 1909 2204; baseline -0.002 -18"><span class='ocrx_word' id='word_1_168' title='bbox 306 2128 401 2186; x_wconf 86' lang='grc' dir='ltr'>ε’πὶ</span> <span class='ocrx_word' id='word_1_169' title='bbox 439 2128 644 2204; x_wconf 87' lang='grc' dir='ltr'>ταύτην</span> <span class='ocrx_word' id='word_1_170' title='bbox 686 2127 755 2203; x_wconf 78' lang='grc' dir='ltr'>δὴ</span> <span class='ocrx_word' id='word_1_171' title='bbox 798 2125 965 2190; x_wconf 79' lang='grc' dir='ltr'>αὖτός</span> <span class='ocrx_word' id='word_1_172' title='bbox 1009 2123 1319 2200; x_wconf 68' lang='grc' dir='ltr'>ἀναβαίνει,</span> <span class='ocrx_word' id='word_1_173' title='bbox 1365 2123 1730 2199; x_wconf 79' lang='grc' dir='ltr'>ἐπιτηδεύσας</span> <span class='ocrx_word' id='word_1_174' title='bbox 1769 2123 1909 2188; x_wconf 82' lang='grc' dir='ltr'>ὅκως</span> 
     </span>
     <span class='ocr_line' id='line_1_25' title="bbox 306 2208 1909 2293; baseline -0.003 -18"><span class='ocrx_word' id='word_1_175' title='bbox 306 2213 421 2275; x_wconf 73' lang='grc' dir='ltr'>ἀπὸ</span> <span class='ocrx_word' id='word_1_176' title='bbox 446 2217 651 2276; x_wconf 84' lang='grc' dir='ltr'>τέκνων</span> <span class='ocrx_word' id='word_1_177' title='bbox 684 2215 755 2279; x_wconf 78' lang='grc' dir='ltr'>ὥς</span> <span class='ocrx_word' id='word_1_178' title='bbox 789 2211 1073 2275; x_wconf 76' lang='grc' dir='ltr'>νεωτάτων</span> <span class='ocrx_word' id='word_1_179' title='bbox 1108 2210 1455 2274; x_wconf 77' lang='grc' dir='ltr'>ἀποσπάσας</span> <span class='ocrx_word' id='word_1_180' title='bbox 1495 2208 1674 2289; x_wconf 76' lang='grc' dir='ltr'>ζεύξῃ·</span> <span class='ocrx_word' id='word_1_181' title='bbox 1717 2213 1775 2270; x_wconf 81' lang='grc' dir='ltr'>αἱ</span> <span class='ocrx_word' id='word_1_182' title='bbox 1797 2211 1909 2293; x_wconf 89' lang='grc' dir='ltr'>γάρ</span> 
     </span>
     <span class='ocr_line' id='line_1_26' title="bbox 306 2297 1907 2381; baseline -0.002 -17"><span class='ocrx_word' id='word_1_183' title='bbox 306 2310 421 2381; x_wconf 89' lang='grc' dir='ltr'>σφι</span> <span class='ocrx_word' id='word_1_184' title='bbox 447 2303 693 2380; x_wconf 87' lang='grc' dir='ltr'>κάμηλοι</span> <span class='ocrx_word' id='word_1_185' title='bbox 733 2303 917 2362; x_wconf 79' lang='grc' dir='ltr'>ἵππων</span> <span class='ocrx_word' id='word_1_186' title='bbox 950 2299 1052 2360; x_wconf 82' lang='grc' dir='ltr'>ούκ</span> <span class='ocrx_word' id='word_1_187' title='bbox 1086 2299 1332 2378; x_wconf 82' lang='grc' dir='ltr'>ἥσσονες</span> <span class='ocrx_word' id='word_1_188' title='bbox 1368 2305 1423 2364; x_wconf 81' lang='grc' dir='ltr'>ἐς</span> <span class='ocrx_word' id='word_1_189' title='bbox 1456 2297 1742 2378; x_wconf 85' lang='grc' dir='ltr'>ταχύτητά</span> <span class='ocrx_word' id='word_1_190' title='bbox 1777 2306 1907 2360; x_wconf 83' lang='grc' dir='ltr'>εἶσι·</span> 
     </span>
     <span class='ocr_line' id='line_1_27' title="bbox 304 2387 2004 2472; baseline 0.001 -21"><span class='ocrx_word' id='word_1_191' title='bbox 304 2391 475 2472; x_wconf 83' lang='grc' dir='ltr'>χωρὶς</span> <span class='ocrx_word' id='word_1_192' title='bbox 509 2393 585 2465; x_wconf 80' lang='grc' dir='ltr'>δὲ,</span> <span class='ocrx_word' id='word_1_193' title='bbox 624 2391 803 2471; x_wconf 75' lang='grc' dir='ltr'>ἄχθεα</span> <span class='ocrx_word' id='word_1_194' title='bbox 837 2388 1202 2466; x_wconf 77' lang='grc' dir='ltr'>δυνατώτεραι</span> <span class='ocrx_word' id='word_1_195' title='bbox 1231 2387 1455 2450; x_wconf 73' lang='grc' dir='ltr'>πολλόν</span> <span class='ocrx_word' id='word_1_196' title='bbox 1497 2389 1708 2467; x_wconf 88' lang='grc' dir='ltr'>φέρειν.</span> <span class='ocrx_word' id='word_1_197' title='bbox 1788 2389 1868 2450; x_wconf 76' lang='grc' dir='ltr'>Τὰ</span> <span class='ocrx_word' id='word_1_198' title='bbox 1888 2393 2004 2452; x_wconf 87' lang='grc'>103</span> 
     </span>
     <span class='ocr_line' id='line_1_28' title="bbox 303 2477 1909 2558; baseline -0.001 -18"><span class='ocrx_word' id='word_1_199' title='bbox 303 2483 411 2558; x_wconf 77' lang='grc' dir='ltr'>μὲν</span> <span class='ocrx_word' id='word_1_200' title='bbox 452 2480 521 2556; x_wconf 77' lang='grc' dir='ltr'>δὴ</span> <span class='ocrx_word' id='word_1_201' title='bbox 564 2479 707 2544; x_wconf 82' lang='grc' dir='ltr'>εἶδος</span> <span class='ocrx_word' id='word_1_202' title='bbox 746 2479 936 2540; x_wconf 77' lang='grc' dir='ltr'>ὅκοῖόν</span> <span class='ocrx_word' id='word_1_203' title='bbox 972 2485 1029 2538; x_wconf 85' lang='grc' dir='ltr'>τι</span> <span class='ocrx_word' id='word_1_204' title='bbox 1068 2479 1184 2558; x_wconf 83' lang='grc' dir='ltr'>ἔχει</span> <span class='ocrx_word' id='word_1_205' title='bbox 1221 2477 1261 2555; x_wconf 81' lang='grc' dir='ltr'><em>ἦ</em></span> <span class='ocrx_word' id='word_1_206' title='bbox 1301 2478 1569 2556; x_wconf 88' lang='grc' dir='ltr'>κάμηλος,</span> <span class='ocrx_word' id='word_1_207' title='bbox 1612 2481 1909 2556; x_wconf 79' lang='grc' dir='ltr'>ἐπισταμέ-</span> 
     </span>
     <span class='ocr_line' id='line_1_29' title="bbox 305 2565 1907 2648; baseline -0.003 -18"><span class='ocrx_word' id='word_1_208' title='bbox 305 2593 459 2630; x_wconf 84' lang='grc' dir='ltr'>νοισι</span> <span class='ocrx_word' id='word_1_209' title='bbox 495 2571 651 2628; x_wconf 76' lang='grc' dir='ltr'>τοῖσι</span> <span class='ocrx_word' id='word_1_210' title='bbox 680 2567 938 2644; x_wconf 83' lang='grc' dir='ltr'>Ἕλλησι</span> <span class='ocrx_word' id='word_1_211' title='bbox 975 2565 1041 2626; x_wconf 79' lang='grc' dir='ltr'>οὗ</span> <span class='ocrx_word' id='word_1_212' title='bbox 1082 2566 1416 2648; x_wconf 73' lang='grc' dir='ltr'>συγγράφω·</span> <span class='ocrx_word' id='word_1_213' title='bbox 1456 2566 1524 2627; x_wconf 81' lang='grc' dir='ltr'>τὸ</span> <span class='ocrx_word' id='word_1_214' title='bbox 1570 2566 1632 2626; x_wconf 81' lang='grc' dir='ltr'>δὲ</span> <span class='ocrx_word' id='word_1_215' title='bbox 1670 2565 1752 2642; x_wconf 79' lang='grc' dir='ltr'>μὴ</span> <span class='ocrx_word' id='word_1_216' title='bbox 1795 2573 1907 2626; x_wconf 83' lang='grc' dir='ltr'>ε’πι-</span> 
     </span>
     <span class='ocr_line' id='line_1_30' title="bbox 306 2652 1911 2750; baseline -0.004 -33"><span class='ocrx_word' id='word_1_217' title='bbox 306 2655 543 2717; x_wconf 88' lang='grc' dir='ltr'>στέαται</span> <span class='ocrx_word' id='word_1_218' title='bbox 592 2654 777 2733; x_wconf 73' lang='grc' dir='ltr'>αὐτῆς,</span> <span class='ocrx_word' id='word_1_219' title='bbox 830 2657 999 2714; x_wconf 82' lang='grc' dir='ltr'>τοῦτο</span> <span class='ocrx_word' id='word_1_220' title='bbox 1052 2654 1276 2732; x_wconf 88' lang='grc' dir='ltr'>φράσω·</span> <span class='ocrx_word' id='word_1_221' title='bbox 1346 2652 1598 2750; x_wconf 84' lang='grc' dir='ltr'>κάμηλος</span> <span class='ocrx_word' id='word_1_222' title='bbox 1650 2658 1710 2712; x_wconf 82' lang='grc' dir='ltr'>ἐν</span> <span class='ocrx_word' id='word_1_223' title='bbox 1757 2657 1911 2712; x_wconf 80' lang='grc' dir='ltr'>τοῖσι</span> 
     </span>
     <span class='ocr_line' id='line_1_31' title="bbox 306 2738 1908 2821; baseline -0.004 -16"><span class='ocrx_word' id='word_1_224' title='bbox 306 2743 627 2805; x_wconf 78' lang='grc' dir='ltr'>ὀπισθίοισι</span> <span class='ocrx_word' id='word_1_225' title='bbox 652 2742 955 2803; x_wconf 71' lang='grc' dir='ltr'>σκέλεσι”</span> <span class='ocrx_word' id='word_1_226' title='bbox 926 2767 1042 2821; x_wconf 87' lang='grc' dir='ltr'>εχει</span> <span class='ocrx_word' id='word_1_227' title='bbox 1076 2743 1353 2819; x_wconf 87' lang='grc' dir='ltr'>τέσσερας</span> <span class='ocrx_word' id='word_1_228' title='bbox 1387 2765 1613 2817; x_wconf 87' lang='grc' dir='ltr'>μηρους,</span> <span class='ocrx_word' id='word_1_229' title='bbox 1653 2739 1745 2797; x_wconf 86' lang='grc' dir='ltr'>καὶ</span> <span class='ocrx_word' id='word_1_230' title='bbox 1778 2738 1908 2818; x_wconf 87' lang='grc' dir='ltr'>γού-</span> 
     </span>
     <span class='ocr_line' id='line_1_32' title="bbox 306 2825 1908 2909; baseline -0.006 -16"><span class='ocrx_word' id='word_1_231' title='bbox 306 2856 449 2893; x_wconf 87' lang='grc' dir='ltr'>νατα</span> <span class='ocrx_word' id='word_1_232' title='bbox 486 2832 753 2909; x_wconf 89' lang='grc' dir='ltr'>τέσσερα·</span> <span class='ocrx_word' id='word_1_233' title='bbox 794 2830 867 2891; x_wconf 84' lang='grc' dir='ltr'>τοὶ</span> <span class='ocrx_word' id='word_1_234' title='bbox 902 2830 962 2889; x_wconf 81' lang='grc' dir='ltr'>δὲ</span> <span class='ocrx_word' id='word_1_235' title='bbox 994 2829 1178 2890; x_wconf 80' lang='grc' dir='ltr'>αἰδοῖα.</span> <span class='ocrx_word' id='word_1_236' title='bbox 1209 2829 1300 2887; x_wconf 69' lang='grc' dir='ltr'>διὰ.</span> <span class='ocrx_word' id='word_1_237' title='bbox 1332 2831 1442 2888; x_wconf 86' lang='grc' dir='ltr'>τῶν</span> <span class='ocrx_word' id='word_1_238' title='bbox 1467 2825 1742 2886; x_wconf 76' lang='grc' dir='ltr'>ὀπισθίων</span> <span class='ocrx_word' id='word_1_239' title='bbox 1781 2851 1908 2885; x_wconf 91' lang='grc' dir='ltr'>σκε-</span> 
     </span>
     <span class='ocr_line' id='line_1_33' title="bbox 305 2912 2005 2997; baseline -0.003 -19"><span class='ocrx_word' id='word_1_240' title='bbox 305 2919 453 2980; x_wconf 86' lang='grc' dir='ltr'>λέων</span> <span class='ocrx_word' id='word_1_241' title='bbox 478 2919 620 2997; x_wconf 82' lang='grc' dir='ltr'>πρός</span> <span class='ocrx_word' id='word_1_242' title='bbox 642 2918 748 2995; x_wconf 81' lang='grc' dir='ltr'>τήν</span> <span class='ocrx_word' id='word_1_243' title='bbox 774 2917 945 2995; x_wconf 79' lang='grc' dir='ltr'>οὖρῆν</span> <span class='ocrx_word' id='word_1_244' title='bbox 969 2915 1498 2995; x_wconf 84' lang='grc' dir='ltr'>τετραμμένα.οἷ</span> <span class='ocrx_word' id='word_1_245' title='bbox 1528 2913 1588 2972; x_wconf 86' lang='grc' dir='ltr'>δε</span> <span class='ocrx_word' id='word_1_246' title='bbox 1613 2913 1681 2988; x_wconf 87' lang='grc' dir='ltr'>δη</span> <span class='ocrx_word' id='word_1_247' title='bbox 1707 2912 1871 2972; x_wconf 83' lang='grc' dir='ltr'>Ἰνδοὶ</span> <span class='ocrx_word' id='word_1_248' title='bbox 1891 2915 2005 2973; x_wconf 84' lang='grc'>104</span> 
     </span>
     <span class='ocr_line' id='line_1_34' title="bbox 304 2999 1911 3087; baseline -0.005 -19"><span class='ocrx_word' id='word_1_249' title='bbox 304 3005 499 3087; x_wconf 80' lang='grc' dir='ltr'>τρόπῳ</span> <span class='ocrx_word' id='word_1_250' title='bbox 530 3006 761 3086; x_wconf 80' lang='grc' dir='ltr'>τοιούτῳ</span> <span class='ocrx_word' id='word_1_251' title='bbox 794 3006 887 3065; x_wconf 87' lang='grc' dir='ltr'>καὶ</span> <span class='ocrx_word' id='word_1_252' title='bbox 920 3005 1095 3077; x_wconf 83' lang='grc' dir='ltr'>ζεύξει</span> <span class='ocrx_word' id='word_1_253' title='bbox 1132 3002 1362 3081; x_wconf 88' lang='grc' dir='ltr'>τοιαύτῃ</span> <span class='ocrx_word' id='word_1_254' title='bbox 1401 2999 1720 3080; x_wconf 77' lang='grc' dir='ltr'>χρειίμενοι,</span> <span class='ocrx_word' id='word_1_255' title='bbox 1751 2999 1911 3060; x_wconf 85' lang='grc' dir='ltr'>ἐλαύ-</span> 
     </span>
     <span class='ocr_line' id='line_1_35' title="bbox 306 3089 1909 3174; baseline -0.007 -17"><span class='ocrx_word' id='word_1_256' title='bbox 306 3111 473 3157; x_wconf 87' lang='grc' dir='ltr'>νοῠσι</span> <span class='ocrx_word' id='word_1_257' title='bbox 508 3095 601 3155; x_wconf 86' lang='grc' dir='ltr'>ε’πὶ</span> <span class='ocrx_word' id='word_1_258' title='bbox 638 3095 739 3156; x_wconf 84' lang='grc' dir='ltr'>τόν</span> <span class='ocrx_word' id='word_1_259' title='bbox 772 3093 1005 3174; x_wconf 77' lang='grc' dir='ltr'>χρυσὸν,</span> <span class='ocrx_word' id='word_1_260' title='bbox 1043 3091 1462 3172; x_wconf 87' lang='grc' dir='ltr'>λελογισμένως</span> <span class='ocrx_word' id='word_1_261' title='bbox 1500 3089 1638 3152; x_wconf 82' lang='grc' dir='ltr'>ὅκως</span> <span class='ocrx_word' id='word_1_262' title='bbox 1673 3113 1742 3148; x_wconf 88' lang='grc' dir='ltr'>αν</span> <span class='ocrx_word' id='word_1_263' title='bbox 1782 3113 1909 3147; x_wconf 87' lang='grc' dir='ltr'>καυ-</span> 
     </span>
     <span class='ocr_line' id='line_1_36' title="bbox 306 3175 1910 3262; baseline -0.007 -18"><span class='ocrx_word' id='word_1_264' title='bbox 306 3181 502 3262; x_wconf 88' lang='grc' dir='ltr'>μάτων</span> <span class='ocrx_word' id='word_1_265' title='bbox 520 3187 630 3244; x_wconf 89' lang='grc' dir='ltr'>τω’ν</span> <span class='ocrx_word' id='word_1_266' title='bbox 650 3180 1053 3261; x_wconf 84' lang='grc' dir='ltr'>θερμοτάτων’</span> <span class='ocrx_word' id='word_1_267' title='bbox 1024 3179 1226 3244; x_wconf 88' lang='grc' dir='ltr'>εόντων</span> <span class='ocrx_word' id='word_1_268' title='bbox 1244 3180 1468 3239; x_wconf 80' lang='grc' dir='ltr'>ἔσονται</span> <span class='ocrx_word' id='word_1_269' title='bbox 1488 3183 1546 3237; x_wconf 79' lang='grc' dir='ltr'>ἓν</span> <span class='ocrx_word' id='word_1_270' title='bbox 1563 3180 1636 3255; x_wconf 81' lang='grc' dir='ltr'>τῇ</span> <span class='ocrx_word' id='word_1_271' title='bbox 1663 3175 1910 3257; x_wconf 72' lang='grc' dir='ltr'>ἁρπαγῇ·</span> 
     </span>
     <span class='ocr_line' id='line_1_37' title="bbox 305 3264 1913 3352; baseline -0.006 -20"><span class='ocrx_word' id='word_1_272' title='bbox 305 3269 425 3332; x_wconf 66' lang='grc' dir='ltr'>ὑπὸ</span> <span class='ocrx_word' id='word_1_273' title='bbox 448 3269 561 3352; x_wconf 74' lang='grc' dir='ltr'>γὰρ</span> <span class='ocrx_word' id='word_1_274' title='bbox 586 3273 687 3332; x_wconf 75' lang='grc' dir='ltr'>τοῦ</span> <span class='ocrx_word' id='word_1_275' title='bbox 708 3268 987 3348; x_wconf 89' lang='grc' dir='ltr'>καύματος</span> <span class='ocrx_word' id='word_1_276' title='bbox 1012 3270 1067 3328; x_wconf 83' lang='grc' dir='ltr'>οἱ</span> <span class='ocrx_word' id='word_1_277' title='bbox 1090 3266 1375 3346; x_wconf 82' lang='grc' dir='ltr'>μύρμηκες</span> <span class='ocrx_word' id='word_1_278' title='bbox 1400 3264 1640 3342; x_wconf 72' lang='grc' dir='ltr'>ἀφανέες</span> <span class='ocrx_word' id='word_1_279' title='bbox 1663 3265 1913 3342; x_wconf 86' lang='grc' dir='ltr'>γίνονται</span> 
     </span>
    </p>
   </div>
  </div>
 </body>
</html>
