2250 3500
339 105 556 172 14—17]
980 103 1307 158 mmmm.
1842 107 1939 160 115

332 187 404 248 τὰ
425 187 581 264 παρὰ
606 185 914 248 θάλασσαν
940 185 1080 246 εἶναι
1113 185 1285 262 αὐτῆς
1306 189 1475 268 μέχρι
1497 192 1805 268 Ταριχειῶν
1826 191 1938 250 τῶν

335 278 765 351 Πηλουσιακῶν,
791 277 866 352 τῇ
907 272 976 348 δη
1002 273 1419 350 τεσσεράκοντά
1445 281 1556 336 εἶσι
1587 280 1830 356 σχοῖνοι·
1868 301 1938 338 το

335 362 396 422 δὲ
441 361 554 423 α’πό
603 359 904 448 θαλασσης
953 360 1235 442 λεγόντων
1285 367 1341 426 ἒς
1392 363 1705 444 μεσόγαιαν
1742 365 1939 426 τείνειν

333 448 508 526 αὐτ-ἤν
531 451 702 530 μέχρι
727 441 1106 526 Κερκασώρου
1132 449 1347 520 πόλιος,
1376 451 1493 512 κατ’
1518 451 1589 526 ἣν
1614 451 1935 530 exiget-‘u‘
1900 479 1935 512 ο

332 541 560 612 Νεῖλος,
589 540 643 601 ἔς
665 562 729 596 τε
755 535 1088 613 Πηλούσιον
1119 537 1261 614 ῥέων
1285 538 1379 596 καὶ
1415 543 1470 601 ἐς
1506 536 1805 614 Κάνωβον·
1862 565 1937 601 τα

333 624 394 684 δὲ
418 625 574 685 ἄλλα
615 624 894 706 λεγόντων
924 628 1026 700 τῆς
1051 624 1339 706 Αἰγύπτου
1363 625 1437 686 τοὶ
1476 627 1583 702 μὲν
1622 625 1843 702 Λιβύης
1864 626 1939 688 τὰ

334 711 396 771 δὲ
418 711 693 790 Ἀραβίης
719 711 876 772 εἶναι·
919 709 1371 789 ἀποδεικνύοιμεν
1389 711 1475 784 ἂν,
1494 711 1671 792 τούτῳ
1690 717 1768 793 τῷ
1784 712 1937 795 λόγῳ

329 800 650 878 χρεώμενοι,
677 800 1038 882 Αἰγυπτίοισι
1065 798 1167 860 οὔκ
1192 805 1398 862 εὀῦσαν
1430 800 1702 879 πρότερον
1726 801 1933 881 χώρην·

330 887 440 964 ἤδη
463 889 574 971 γάρ
599 895 714 965 σφι
737 887 806 948 τό
829 913 897 969 γε
925 888 1136 959 Δέλτα,
1163 887 1236 954 οἷς
1261 887 1419 950 αὐτοὶ
1443 889 1681 970 λέγουσι
1717 889 1931 970 Αἰγύπ-

329 1001 443 1036 τιοι
475 978 568 1036 καὶ
599 977 726 1054 ἐμοὶ
765 975 961 1045 δοκέει,
988 976 1112 1036 ἔστι
1138 976 1476 1055 κατάρρυτόν
1510 1001 1573 1038 τε
1600 977 1693 1037 καὶ
1718 979 1933 1050 νεωστὶ,

331 1061 406 1127 ὥς
429 1064 582 1145 λόγῳ
608 1067 798 1134 εἰπεῖν,
824 1062 1199 1142 ἀναπεφηνός·
1241 1068 1291 1127 εἰ
1326 1066 1511 1126 τοίνυν
1536 1071 1651 1142 σφι
1684 1065 1840 1145 χώρη
1863 1091 1933 1147 γε

327 1151 574 1229 μηδεμία
597 1150 832 1231 ὖπῆρχε,
858 1151 920 1211 τί
944 1151 1393 1233 περιειργάζοντο
1420 1153 1699 1216 δοκέοντες
1722 1158 1933 1232 πρῶτοι

329 1239 632 1318 ἀνθρώπων
668 1239 991 1321 γεγονέναι;
1033 1238 1162 1299 οὐδὲ
1188 1239 1293 1299 ἔδει
1334 1241 1519 1316 σφέας
1554 1246 1609 1303 ἐς
1645 1240 1931 1320 διάπειραν

327 1331 440 1388 τῶν
463 1325 692 1388 παιδίων
719 1328 872 1397 ἰέναι,
898 1326 1024 1386 τίνα
1047 1330 1325 1406 γλῶσσαν
1350 1327 1573 1405 πρώτην
1602 1327 1927 1404 ἅπήσουσις

330 1415 462 1474 ἄλλ’
500 1414 626 1476 οὔτε
657 1411 995 1497 Αἰγυπτίους
1038 1414 1209 1474 δοκέω
1233 1414 1353 1492 ἅμα
1393 1419 1471 1494 τῷ
1502 1415 1693 1474 Δέλτα
1733 1421 1811 1494 τῷ
1838 1416 1932 1476 ὑπ’

326 1503 524 1564 Ἰώνων
541 1504 856 1582 καλεομένῳ
880 1502 1162 1584 γενέσθαι,
1183 1503 1297 1562 αἰεί
1314 1527 1377 1563 τε
1396 1502 1535 1562 εἶναι
1550 1503 1612 1573 ἐξ
1636 1500 1701 1562 οὗ
1726 1501 1931 1582 ἀνθρώ·

329 1616 448 1652 πων
471 1593 632 1673 γένος
657 1591 893 1673 ἐγένετο·
935 1589 1241 1668 προϊούσης
1260 1591 1319 1651 δὲ
1337 1595 1439 1668 τῆς
1454 1591 1657 1670 χώρης,
1676 1592 1931 1656 πολλοὺς

327 1682 433 1757 μὲν
471 1679 602 1744 τούς
639 1679 1114 1755 ὕπολειπομένους
1140 1677 1319 1740 αὐτῶν
1358 1679 1637 1761 γενέσθαι,
1680 1679 1931 1746 πολλοὺς

329 1769 390 1829 δὲ
411 1769 543 1833 τοῦς
565 1767 1136 1844 ὑποκαταβαίνοντας.
1174 1768 1242 1829 τὰ
1270 1767 1316 1829 δ’
1344 1768 1420 1829 ὧν
1442 1768 1624 1829 πάλαι
1650 1772 1709 1829 αἶ
1735 1772 1929 1847 Θῆβαι

327 1858 624 1939 Αἴγυπτος»
637 1856 916 1917 ἐκαλέετο·
971 1859 1074 1931 τῆς
1106 1855 1175 1917 τὸ
1202 1858 1534 1935 περίμετρον
1568 1858 1794 1919 στάδιοί
1816 1861 1929 1917 εἶσι

328 1945 510 2005 εἴκοσι
551 1946 644 2005 καὶ
687 1943 882 2004 ἔκατόν
935 1944 1028 2003 καὶ
1069 1944 1458 2023 ἑξακισχίλιοι.
1538 1948 1612 2004 Εἰ
1654 1944 1729 2004 ὧν
1768 1944 1927 2021 ἡμεῖς
1947 1947 2023 2005 16

327 2032 506 2109 ὀρθῶς
528 2032 656 2111 περὶ
677 2031 855 2093 αὐτῶν
872 2031 1239 2113 γινώσκομεν,
1257 2031 1443 2094 Ἴωνες
1464 2031 1562 2091 οὐκ
1584 2030 1641 2090 εὖ
1642 2032 1927 2135 ‘sppove'ov-

327 2146 395 2181 σι
432 2123 562 2199 περὶ
599 2120 904 2201 Αιγῦπτου.
987 2123 1036 2179 εἶ
1069 2118 1132 2177 δε
1168 2118 1308 2196 ὀρθή
1353 2124 1477 2178 ἔστι
1513 2118 1551 2193 ἦ
1590 2120 1700 2177 τῶν
1735 2116 1931 2179 Ἰώνων

325 2210 537 2291 γνώμη,
567 2207 858 2285 Ἕλληνάς
886 2232 950 2269 τε
985 2207 1079 2267 καὶ
1119 2205 1317 2270 αὐτους
1346 2204 1542 2269 Ἴωνας
1574 2198 1931 2283 ἀποδείκνυμι

327 2298 430 2357 οὐκ
471 2298 871 2375 ἐπισταμένους
913 2295 1261 2376 λογίζεσθαι·
1304 2295 1364 2355 οἵ
1402 2300 1551 2371 φασι
1593 2291 1721 2371 τρία
1755 2292 1927 2371 μόρια

329 2384 470 2444 εἶναι
492 2389 601 2467 γῆν
623 2389 836 2455 πᾶσαν,
855 2383 1130 2461 Εὐρώπην
1148 2408 1210 2442 τε
1236 2383 1329 2441 καὶ
1352 2381 1552 2459 Ἀσίην
1579 2383 1671 2441 καὶ
1684 2380 1927 2459 Λιβύην·

326 2473 590 2550 τέταρτον
612 2472 724 2555 γὰρ
741 2472 809 2548 δή
825 2478 1009 2547 σφεας
1027 2470 1112 2529 δεῖ
1123 2471 1621 2552 προσλογίζεσθαι,
1640 2469 1927 2553 Αἰγύπτου

325 2560 394 2620 τὰ
438 2562 647 2621 Δέλτα·
691 2564 740 2619 εἰ
778 2559 860 2637 μή
901 2584 958 2619 τι
988 2558 1058 2639 γε’
1098 2564 1224 2619 ἔστι
1265 2564 1367 2636 τῆς
1405 2559 1603 2635 Ἀσίης
1643 2559 1787 2636 μήτε
1823 2564 1926 2634 τῆς

324 2648 563 2725 Λιβύης.
645 2648 710 2709 οὗ
747 2648 858 2729 γὰρ
891 2646 958 2722 δὴ
987 2646 1018 2706 ὁ
1046 2646 1256 2711 Νεῖλός
1279 2648 1351 2728 γέ
1376 2653 1516 2720 ἐστι,
1546 2647 1687 2706 κατὰ
1726 2650 1925 2707 τοῦτον

323 2736 424 2797 τᾶν
457 2736 649 2818 λόγον,
693 2736 725 2797 ὅ
761 2735 865 2811 τὴν
892 2735 1096 2811 Ἀσίην
1132 2734 1358 2812 οὐρίζων
1396 2738 1498 2810 τῆς
1530 2731 1769 2809 Λιβύης·
1824 2736 1925 2792 τοῦ

326 2825 520 2885 Δέλτα
545 2825 605 2884 δὲ
630 2823 832 2884 τούτου
859 2821 1000 2884 κατιῗΙ
1029 2821 1096 2883 τό
1138 2822 1237 2891 6ξύ
1277 2820 1705 2901 περιρρήγνυται
1731 2819 1764 2878 ὁ
1791 2823 1925 2878 Νεῖ-

322 2917 444 2982 λος,
471 2912 620 2973 ὥστε
661 2917 720 2972 ἐν
759 2914 838 2991 τῷ
868 2909 1076 2987 μεταξῦ
1117 2907 1315 2986 Ἀσίης
1353 2933 1417 2968 τε
1450 2909 1543 2967 καὶ
1582 2905 1802 2983 Λιβύης
1841 2907 1925 2987 γί-

325 3001 458 3061 νοιτ’
484 3001 571 3061 ἄν.

403 3090 522 3148 Καὶ
545 3114 650 3167 την
674 3092 778 3197 μὲν
800 3088 997 3149 Ἰώνων
1020 3087 1247 3169 γνώμην
1273 3084 1519 3160 α’πίεμεν,
1548 3082 1709 3159 ημεῖς
1736 3082 1795 3140 δὲ
1822 3079 1923 3140 ὧδε
1945 3081 2019 3142 17

322 3178 416 3236 καὶ
441 3178 568 3255 περὶ
591 3202 801 3238 τουτων
825 3177 1084 3258 λέγομεν·
1125 3175 1412 3255 Αἴγυπτον
1436 3174 1541 3248 μὲν
1564 3172 1758 3230 πᾶσαν
1785 3168 1923 3230 εἶναι

321 3263 528 3340 ταύτην
555 3264 662 3340 τὴν
700 3264 794 3323 ὕπ’
828 3263 1146 3342 Αἰγυπτίων
1179 3260 1514 3335 οἰκεομένην,
1543 3255 1787 3333 κατάπερ
1819 3261 1923 3315 Κι-
