2250 3500
359 140 432 196 ²74
989 142 1356 194 mmmmm·
1896 139 1973 209 [12

365 221 791 302 ἀναμεμίχαται,
822 223 916 282 καὶ
955 222 1248 299 Καδμεῖοι,
1281 221 1375 282 καὶ
1415 220 1686 299 Δρύοπες,
1726 221 1821 281 καὶ
1856 227 1976 282 Φω·

367 311 486 374 κέες
517 309 876 387 ἀποδάσμιοι,
915 311 1008 369 καὶ
1038 309 1370 380 Μολοσσοὶ,
1400 310 1491 369 καὶ
1522 307 1789 386 Ἀρκάδες
1816 313 1973 369 Πελ-

373 398 562 480 ασγοὶ,
579 398 671 457 καὶ
692 399 930 476 Δωριέες
950 397 1313 475 Ἐπιδαύριοι,
1331 396 1489 457 ἅλλα
1512 422 1577 456 τε
1602 397 1763 457 ἔθνεα
1777 398 1978 458 πολλὰ

369 485 799 564 ἀναμεμίχαται.
865 489 920 546 οἱ
945 487 1006 546 δὲ
1029 484 1210 546 αὐτῶν
1236 485 1349 546 ‹ia-6
1379 489 1481 545 τοῦ
1507 486 1847 562 πρυτανηΐου
1870 490 1977 546 τοῦ

370 573 680 651 Ἀθηναίων
719 573 1054 652 ὁρμηθέντες
1095 574 1190 633 καὶ
1236 574 1554 650 νομίζοντες
1594 573 1979 653 γενναιότατοι

367 661 510 722 εἶναι
547 661 759 732 Ἱώνων,
787 657 940 722 οὗτοι
971 661 1032 720 δὲ
1064 659 1131 721 οὗ
1166 665 1429 742 γυναῖκας
1468 659 1749 743 ἠγάγοντο
1782 665 1839 725 ἐς
1870 661 1980 737 τήν

367 749 647 827 ἀποικίην,
679 747 834 810 ἀλλὰ
867 750 1113 826 Καείρας
1146 750 1335 828 ἔσχον,
1361 753 1472 810 τῶν
1503 747 1816 825 ἐφόνευσαν
1844 749 1979 815 τούς

368 840 583 921 γονέας.
651 837 744 897 διαὶ
776 840 976 897 τοῦτον
1005 837 1068 896 δὲ
1099 836 1202 898 τᾶν
1234 836 1414 913 φόνον
1438 840 1499 897 αἶ
1522 840 1777 918 γυναῖκες
1810 835 1979 898 αὗται

367 926 542 1003 νόμον
572 926 813 1002 θέμεναι,
847 925 1024 1000 σφίσι
1063 923 1271 1004 αὐτῇσι
1310 923 1508 1002 ὅρκους
1548 923 1848 1000 ἐπήλασαν
1882 926 1978 985 καὶ

367 1014 689 1091 παρέδοσαν
702 1017 838 1092 τῇσι
863 1012 1191 1095 θυγατράσι,
1207 1012 1289 1089 μή
1316 1039 1442 1074 κοτε
1459 1012 1805 1090 ὁμοσιτῆσαι
1820 1017 1977 1074 τοῖσι

370 1100 623 1180 οἷνδράσι,
665 1100 808 1177 μηδὲ
849 1099 1118 1178 οὐνόματι
1157 1103 1353 1178 βῶσαι
1392 1099 1493 1161 τόν
1533 1103 1736 1176 ἑωυτῆς
1780 1099 1976 1179 ἄνδρα·

368 1190 532 1250 τοῦδε
559 1188 756 1249 εἵνεκα·
797 1187 884 1248 ὄτι
912 1189 1226 1265 ἐφόνευσαν
1240 1189 1436 1266 σφέων
1462 1187 1594 1252 τούς
1616 1189 1861 1267 πατέρας
1882 1191 1979 1250 καὶ

369 1276 572 1356 ἄνδρας
598 1278 692 1336 καὶ
714 1277 933 1347 παῖδας,
960 1278 1054 1336 καὶ
1079 1278 1293 1338 ἔπειτεν
1315 1281 1493 1337 ταῦτα
1522 1275 1861 1353 ποιήσαντες
1886 1277 1982 1337 αὖ·

368 1371 508 1446 τῇσι
548 1367 850 1444 συνοίκεον.
918 1369 1096 1426 ταῦτα
1133 1365 1195 1425 δὲ
1224 1365 1297 1442 ἦν
1325 1365 1593 1446 γινόμενα
1627 1370 1687 1425 ἐν
1716 1364 1981 1446 Μιλήτῳ.

279 1455 392 1516 147
414 1456 698 1518 Βασιλέας
724 1455 784 1514 δὲ
811 1453 1129 1530 ἐστήσαντο
1154 1456 1210 1515 οἱ
1232 1457 1342 1531 μὲν·
1370 1453 1551 1514 αὐτῶν
1582 1455 1838 1524 Λυκίους,
1866 1453 1983 1515 οἷπό

369 1544 628 1604 Γλαύκου
651 1547 752 1604 τοῦ
776 1540 1125 1622 Ἱππολόχου
1150 1540 1471 1623 γεγονότας·
1513 1545 1569 1602 οἶ
1594 1542 1655 1601 δὲ
1680 1541 1983 1610 Καύκωνας

370 1633 636 1701 Πυλίους,
663 1628 775 1690 ἀπὸ
803 1629 1028 1707 Κόδρου
1052 1634 1154 1690 τοῦ
1181 1629 1509 1691 Μελάνθου·
1550 1633 1607 1690 οἱ
1636 1630 1699 1690 δὲ
1733 1631 1827 1689 καὶ
1851 1655 1984 1692 συνυ

369 1720 740 1797 αμφοτέρους.
805 1717 962 1778 ἀλλὰ
998 1716 1112 1800 γὰρ
1153 1719 1507 1799 περιέχονται
1537 1722 1639 1780 τοῦ
1676 1716 1984 1797 οὐνόματος

369 1806 599 1885 μᾶλλόν
641 1832 699 1865 τι
737 1810 850 1866 τῶν
891 1804 1085 1868 ἄλλων
1128 1805 1343 1878 Ἰώνων,
1386 1808 1644 1869 ἔστωσαν
1685 1807 1747 1867 δὲ
1792 1808 1897 1867 καὶ·
1926 1810 1983 1868 οἱ

371 1896 622 1972 καθαρῶς
670 1892 964 1975 γεγονότες
1002 1892 1211 1958 Ἴωνες·
1268 1896 1383 1956 εἶσὶ
1424 1896 1485 1955 δὲ
1532 1894 1735 1959 πάντες
1775 1894 1979 1969 Ἴωνες,

371 1982 502 2044 ὅσοι
542 1982 638 2043 ἀπ’
677 1981 928 2060 Ἀθηνῶν
957 1982 1231 2065 γεγόνασι
1268 1984 1364 2043 καὶ
1393 1982 1740 2062 Ἀπατούρια
1773 1982 1980 2065 ἄγουσι

369 2071 558 2151 ὁρτήν·
599 2070 806 2155 ἄγουσι
837 2070 898 2131 δὲ
931 2070 1139 2136 πάντες
1168 2070 1323 2146 πλήν
1346 2070 1633 2147 Ἐφεσίων
1658 2072 1751 2131 καὶ
1788 2076 1977 2133 Κολο-

373 2162 612 2237 φωνίων·
655 2158 810 2222 οὗτοι
843 2159 955 2243 γὰρ
988 2164 1188 2237 μοῦνοι
1216 2156 1415 2220 Ἰώνων
1440 2159 1541 2220 οὐκ
1573 2159 1780 2241 ἄγουσι
1802 2158 1977 2220 Ἀπα·

278 2252 393 2310 148
409 2249 617 2328 τούρια,
645 2249 738 2307 καὶ
773 2245 927 2308 οὗτοι
964 2248 1106 2308 κατὰ
1134 2245 1314 2324 φόνου
1336 2247 1463 2308 τινὰ
1487 2252 1721 2326 σκῆψιν.
1803 2247 1884 2307 Τὰ
1917 2248 1979 2308 δὲ

371 2338 682 2398 Πανιώνιον
701 2338 826 2397 ἐστὶ
847 2339 950 2412 τῆς
973 2336 1251 2413 Μυκάλης
1265 2339 1446 2415 χῶρος
1472 2335 1591 2414 ἱρὰς
1613 2334 1755 2414 πρὸς
1770 2335 1976 2413 ἄρκτον

367 2424 759 2502 τετραμμένος,
781 2427 936 2501 κοινῇ
962 2424 1387 2502 ἐξαραιρημένος
1411 2422 1522 2484 ὖπό
1545 2423 1741 2485 Ἰώνων
1768 2429 1977 2485 Ποσει-

369 2512 526 2573 δέωνι
547 2511 866 2591 Ἑλικωνίῳ·
891 2509 930 2587 ἦ
956 2511 1017 2572 δὲ
1040 2512 1337 2589 Μυκάλη’
1310 2513 1435 2574 εστὶ
1457 2516 1559 2589 τῆς
1580 2511 1817 2591 ἠπείρου
1832 2513 1977 2591 ἄκρη

369 2599 512 2679 πρὸς
535 2599 824 2677 ζέφυρον”
787 2624 993 2678 ανεμον
1014 2598 1339 2677 κατήκουσα
1366 2600 1599 2681 Σάμω,’
1573 2627 1629 2665 ες
1651 2601 1757 2677 τήν
1770 2605 1977 2661 συλλε-

368 2687 601 2771 γόμενοι
639 2687 754 2749 οἷπο
793 2714 904 2750 των
931 2689 1149 2750 πολίων
1175 2689 1363 2753 Ἴωνες
1402 2715 1650 2771 αγεσκον
1682 2688 1871 2767 ὁρτὴν,
1902 2692 1977 2768 τῇ

367 2778 556 2839 ἔθεντο
583 2775 794 2854 οὕνομα
825 2776 1134 2839 Πανιώνια.
1200 2776 1519 2839 πεπόνθασι
1544 2777 1605 2837 δὲ
1630 2802 1751 2838 ουτι
1773 2780 1979 2855 μοῦναι

367 2869 428 2927 αἶ
456 2864 653 2926 Ἰώνων
687 2864 848 2943 ὁρταὶ
877 2870 1064 2936 τοῦτο,
1100 2864 1259 2925 σ’,λλιὶ
1292 2866 1385 2925 καὶ
1422 2864 1717 2941 Ἑλλήνων
1754 2864 1979 2926 πάντων

367 2952 570 3031 ὁμοίως
602 2958 788 3014 πᾶσαι
814 2959 870 3016 ἐς
892 2978 1070 3013 τωυτο
1105 2978 1345 3033 γραμμα
1376 2956 1698 3026 τελευτῶσι,
1726 2951 1978 3032 κατάπερ

369 3044 482 3100 τῶν
505 3042 776 3119 Περσέων
799 3040 874 3101 τοὶ
899 3038 1203 3117 οὐνόματα.

280 3128 396 3188 149
496 3125 674 3188 Αὗται
697 3131 803 3206 μὲν
827 3130 888 3187 αἶ
909 3126 1085 3190 Ἰάδες
1107 3126 1305 3191 πόλιές
1329 3131 1460 3187 εἶσι.
1526 3129 1649 3189 αἵδε
1673 3129 1735 3190 δέ
1760 3131 1819 3191 αἱ
1846 3132 1980 3191 Αἰο-

375 3211 542 3283 λίδες,
568 3214 738 3291 Κύμη
762 3214 801 3291 ἦ
825 3214 1094 3292 Φρικωνὶς
1125 3214 1453 3292 καλεομένη,
1481 3216 1790 3294 Λήρισσαι,
1823 3218 1981 3280 Νέον

373 3300 577 3375 τεῖχος,
594 3304 832 3377 Τῆμνος,
856 3301 1078 3372 Κιλλα,
1100 3297 1328 3373 Νότιον,
1345 3303 1714 3383 Αἰγιρόεσσα,
1734 3303 1981 3383 Πιτάνη,
