2250 3500
353 112 451 161 194
966 109 1333 160 Hpvowo‘r
1681 146 1688 151 .
1847 107 1947 172 [Π.

354 188 672 265 φοιτέοντες
690 212 834 264 προς
838 186 1140 299 τῶγαλμα,
1165 188 1438 264 ἐσέβοντο
1456 186 1733 265 μεγάλως·
1759 187 1956 263 μαθών

354 274 470 337 δὲ’
438 302 471 335 ο
500 274 752 350 Ἄμασις
788 273 856 334 vd
888 279 950 333 ἐκ
987 278 1099 334 τῶν
1139 272 1330 334 α’,στῶν
1360 273 1709 350 ποιεύμενον,
1745 299 1953 353 συγκα-

351 362 527 425 λέσας
552 362 888 442 Αἰγυπτίους
914 361 1146 440 ἐξέφηνε
1177 359 1346 436 φάς’
1321 386 1382 419 εκ
1416 364 1517 419 τοῦ
1543 360 1956 438 ποδανιπτῆρος

352 446 623 528 τῶγαλμα
649 450 951 531 γεγονέναι,
979 454 1035 512 ἔς
1057 450 1158 509 τᾶν
1196 446 1468 524 πρότερον
1497 448 1600 523 μὲν
1629 448 1760 511 τούς
1783 452 1953 530 Αἰγυ-

351 537 545 599 πτίους
586 540 796 613 ἐνεμεῖν
833 562 898 597 τε
938 538 1029 596 καὶ
1069 536 1337 613 ἐνουρέειν
1363 535 1456 593 καὶ
1492 534 1670 597 πόδας
1703 538 1951 597 ἐναπονί-

352 624 566 695 ζεσθαι,
607 623 736 685 τότε
775 623 835 684 δὲ
873 623 1134 705 μεγάλως
1174 622 1475 699 σέβεσθαι·
1556 620 1664 699 ἤδη
1706 621 1796 692 ὧν,
1838 624 1952 700 ἔφη

350 710 549 786 λέγων,
576 710 777 787 ὁμοίως
803 710 967 773 αὐτὰς
991 715 1071 789 τῷ
1104 710 1476 787 ποδανιπτῆρι
1499 711 1860 791 πεπρηγέναι·
1901 716 1954 772 εἰ

352 797 463 878 γὰρ
503 797 773 875 πρότερον
814 798 953 858 εἶναι
994 798 1255 875 δημότης,
1303 796 1434 856 ἀλλ’
1477 802 1535 856 ἐν
1572 801 1651 875 τῷ
1678 797 1951 876 ’παρεόντι

353 884 495 943 εἶναι
533 884 713 944 αὐτῶν
749 884 1049 962 βασιλεύς·
1096 886 1190 945 καὶ
1228 889 1396 962 τιμᾶν
1433 910 1498 944 τε
1538 885 1633 944 καὶ
1669 887 1950 963 προμηθέ-

354 972 518 1031 εσθαι
558 974 759 1031 ἑωυτοῦ
799 972 1030 1033 ἐκέλευε.
1114 972 1346 1051 τοιούτῳ
1379 972 1484 1048 μὲν
1511 971 1700 1051 τρόπῳ
1734 998 1950 1051 προση-

352 1057 561 1137 γάγετο
601 1058 732 1122 τούς
774 1060 1128 1141 Αἰγυπτίους,
1173 1058 1318 1119 ὥστε
1366 1059 1610 1119 δικαιοῦν
1649 1059 1947 1121 δουλεύειν.

262 1144 380 1204 173
447 1144 690 1225 Ἑχρᾶτο
716 1146 776 1205 δὲ
796 1146 1143 1208 καταπόσει
1159 1145 1502 1229 πρηγμάτων
1518 1146 1723 1225 τοιῇδε·
1754 1147 1821 1220 τὰ
1843 1150 1951 1225 μὲν

354 1229 593 1309 ὄρθριον,
644 1233 815 1313 μέχρι
864 1232 997 1295 ὅτου
1041 1233 1344 1311 πληθώρης
1391 1231 1614 1313 άγορῆς,
1653 1234 1950 1312 προθύμως

355 1320 607 1397 ἔπρησσε
644 1321 719 1381 τὰ
755 1321 1198 1400 προσφερόμενα
1234 1320 1558 1401 πρήγματα·
1629 1320 1697 1381 τό
1737 1321 1798 1381 δὲ
1833 1320 1948 1383 άπό

352 1407 551 1468 τούτου
576 1407 726 1468 ἔπινέ
747 1433 811 1469 τε
848 1410 941 1468 καὶ
977 1410 1332 1469 κατέσκωπτε
1360 1407 1492 1471 τούς
1521 1406 1829 1483 συμπότας,
1855 1410 1950 1469 καὶ

353 1491 425 1571 ἦν
447 1494 680 1572 μάταιός
703 1522 767 1556 τε
792 1497 886 1557 καὶ
915 1496 1283 1578 παιγνιήμων·
1351 1493 1719 1573 ἀχθεσθέντες
1743 1494 1803 1555 δὲ
1825 1496 1947 1557 τού-

355 1606 510 1642 τοισι
562 1586 617 1641 οῖ
667 1584 833 1658 φιλοι
897 1582 1069 1643 αὐτοῦ
1135 1582 1451 1642 ἐνουθέτεον
1513 1580 1699 1652 αὐτᾶν,
1763 1584 1948 1644 τοιάδε

354 1668 631 1750 λέγοντες·
692 1668 781 1727 “ὦ
824 1670 1091 1745 βασιλεῦ,
1140 1668 1239 1729 οὐκ
1281 1668 1459 1745 ὀρθῶς
1499 1673 1742 1730 σεωυτοῦ
1784 1671 1946 1747 προέ-

356 1779 583 1830 στηκας,
621 1760 677 1819 ἐς
704 1755 773 1816 τὰ
812 1755 956 1837 ἄγαν
996 1761 1222 1833 φαῦλον
1251 1757 1512 1840 προάγων
1537 1757 1797 1818 σεωυτόν.
1877 1761 1948 1819 σὲ

355 1840 467 1923 γάρ
516 1844 663 1920 χρῆν
706 1847 767 1902 ἐν
806 1843 983 1923 θρόνῳ
1038 1847 1227 1922 σεμνῷ
1279 1844 1492 1921 σεμνὸν
1544 1845 1834 1915 θωκέοντα,
1879 1846 1946 1906 δι’

354 1927 563 2007 ἡμέρης
587 1928 869 2007 πρήσσειν
891 1930 966 1991 τὰ
993 1931 1317 2011 πρήγματα·
1357 1932 1451 1990 καὶ
1487 1929 1628 1991 οὕτω
1654 1931 1954 2013 Αἰγύπιοί

354 2016 405 2076 τ’
430 2015 498 2078 ἂν
524 2018 821 2078 ἐπιστέατο
848 2017 920 2082 ὥς
942 2017 1035 2078 ὐπ’
1062 2017 1261 2097 άνδρός
1283 2018 1536 2100 μεγάλου
1563 2017 1832 2097 ἄρχονται
1856 2021 1946 2080 καὶ

356 2105 581 2184 ἄμεινον
606 2106 681 2167 σύ
708 2105 777 2166 ἂν
800 2105 1013 2183 ἤκουες·
1054 2111 1152 2168 νῦν
1175 2107 1236 2168 δὲ
1263 2107 1468 2170 ποιέεις
1501 2104 1752 2183 οὐδαμῶς
1775 2108 1945 2183 βασι-

357 2193 541 2255 λικά.”
609 2195 643 2256 ὁ
672 2195 719 2254 δ’
744 2193 1012 2273 ἀμείβετο
1050 2194 1266 2256 τοισίδε
1305 2193 1525 2257 αὐτούς·
1566 2203 1604 2230 “
1617 2192 1690 2255 τὰ
1719 2193 1858 2264 τόξα
1893 2198 1946 2255 οἱ

360 2283 695 2358 κεκτημένοι,
729 2282 895 2344 ἐπεοὶν
922 2285 1027 2360 μὲν
1060 2283 1287 2343 δέωνται
1321 2281 1572 2360 χρᾶσθαι
1609 2280 1944 2353 ἐντανύουσι,

358 2366 549 2448 [ἐπεὰν
600 2368 661 2426 δὲ
709 2367 1048 2446 χρήσωνται,
1096 2367 1402 2450 ἐκλύουσι]
1467 2371 1517 2428 εἰ
1565 2366 1676 2449 γάρ
1729 2368 1798 2445 δή
1847 2369 1948 2430 τᾶν

358 2452 541 2513 πάντα
567 2453 772 2531 χρόνον
811 2458 1142 2532 ἐντεταμένα
1173 2455 1274 2533 εἴη,
1311 2454 1629 2538 ἐκραγείη”
1591 2481 1678 2516 αν·
1720 2455 1868 2516 ὥστε
1893 2461 1948 2522 ἐς

356 2564 426 2599 το
466 2539 588 2601 δέον
628 2539 728 2600 οὐκ
766 2568 836 2603 αν
874 2543 1053 2622 ἔχοιεν
1092 2543 1317 2604 αὐτοῖσι
1354 2545 1622 2623 χρῆσθαι.
1705 2544 1848 2605 οὕτω
1878 2545 1946 2622 δὴ

357 2627 452 2687 καὶ
496 2625 788 2740 ανθρώπου
831 2630 1195 2695 κατάστασις·
1252 2657 1302 2692 ει
1341 2632 1528 2692 ἐθέλοι
1573 2632 1948 2694 κατεσπουδά-

356 2717 495 2777 σθαι
518 2717 625 2776 aze}
648 2717 848 2794 μηδε’
820 2743 876 2782 ες
914 2720 1177 2800 παιγνίην
1197 2745 1266 2780 το
1297 2720 1466 2796 μέρος
1497 2719 1697 2780 ἑωυτόν
1721 2719 1945 2791 ἀνιέναι,

356 2802 525 2864 λάθοι
560 2802 629 2864 ἂν
656 2804 785 2880 ἤτοι
817 2805 1009 2883 μανεὶς
1037 2804 1075 2882 ἢ
1100 2806 1200 2887 ὅγε
1237 2804 1600 2883 ἀπόπληκτος
1635 2806 1945 2888 γενόμενος·

355 2889 429 2949 τὰ
470 2890 575 2970 ἐγώ
615 2893 999 2971 ἐπιστάμενος,
1023 2894 1194 2970 μέρος
1226 2893 1462 2972 ἑκατέρῳ
1499 2892 1696 2971 νέμω.”
1773 2896 1949 2954 ταῦτα

266 2973 380 3034 174
394 2979 499 3052 μὲν
521 2977 650 3040 τούς
674 2979 877 3053 φίλους
900 2979 1199 3056 α’μείψατο.
1277 2980 1519 3058 Λέγεται
1549 2981 1609 3039 δὲ
1634 2980 1667 3039 ὁ
1683 2978 1947 3056 Ἀμασις,

356 3063 449 3119 καὶ
473 3061 566 3121 ὅτε
590 3063 660 3138 ἦν
682 3064 911 3141 ἰδιώτης,
932 3064 1004 3128 ὥς
1030 3063 1347 3140 φιλοπότης
1375 3066 1478 3126 ε’ὣν
1504 3067 1597 3125 καὶ
1624 3065 1952 3146 φιλοσκώμ-

354 3170 490 3220 μων,
530 3149 625 3206 καὶ
676 3149 927 3227 οὐδαμῶς
976 3150 1536 3226 κατεσπουδασμένος
1587 3151 1747 3228 α’νήρ·
1815 3152 1952 3219 ὅκως

358 3228 423 3286 δέ
466 3256 567 3305 μιν
616 3236 899 3296 ἐπιλείποι
944 3233 1180 3295 πίνοντά
1227 3257 1292 3294 τε
1345 3237 1439 3296 καὶ
1487 3237 1831 3300 εὐπαθέοντα
1879 3241 1953 3301 τὰ
