2250 3500
318 68 416 123 270
936 66 1306 119 ἨΡΟΔΟΤΟΤ
1777 64 1916 131 [ΙΙΙ.

225 150 338 211 141
359 174 423 209 τε
464 147 645 225 φόνου
690 148 783 209 καὶ
827 145 1369 226 ἐξανδραποδίσιος.”
1436 150 1629 207 Ταῦτα
1674 145 1921 211 άκούσας

318 240 573 314 Δαρεῖος,
590 235 912 297 ἀπέστελλε
938 236 1210 313 στρατίην
1222 261 1284 295 τε
1305 235 1398 293 καὶ
1416 233 1741 315 στρατηγεῖν
1755 234 1920 296 Ὀτά-

318 349 416 385 νεα
455 322 666 401 ἀνδρῶν
696 328 807 384 τῶν
839 322 978 383 ἑπτοῖ
1010 322 1327 403 γενόμενον,
1356 321 1738 399 ἐντειλάμενος
1774 321 1925 383 ὅσων

320 410 518 487 ἐδεήθη
546 411 578 471 ὁ
606 412 879 475 Συλοσῶν
904 409 1082 470 ταῦτα’,
1107 413 1164 469 οἱ
1189 410 1398 469 ποιέειν
1425 409 1703 469 ἐπιτελέα.
1756 433 1924 470 κατα·

317 499 431 575 βοὶς
472 499 533 558 δὲ
573 499 667 559 ἐπὶ
704 499 810 575 τήν
852 497 1158 559 θάλασσαν
1195 496 1226 558 ὁ
1266 495 1504 573 Ὀτάνης
1543 496 1782 557 ἔστελλε
1817 496 1926 573 τήν

320 586 613 665 στρατιήν.

228 675 342 733 142
424 678 539 750 Τῆς
572 674 631 733 δὲ
671 671 865 751 Σάμου
899 670 1302 750 Μαιάνδριος’
1270 699 1302 732 ο
1331 669 1678 749 Μαιανδρίου
1715 669 1832 750 εἶχε
1855 676 1925 732 τὰ

320 762 538 839 κράτος,
578 762 943 837 ἐπιτροπαίην
978 784 1136 837 παρα
1171 759 1568 837 Πολυκράτεος
1595 757 1797 835 λαβων
1819 784 1926 835 την

321 849 520 929 οἷρχήν.
587 853 665 927 τῷ
698 846 1023 927 δικαιοτάτῳ
1048 846 1261 925 ἀνδρῶν
1283 847 1616 925 βουλομένῳ
1639 846 1922 927 γενέσθαι,

324 936 421 996 οὐκ
448 937 747 1016 ἐξεγένετο·
766 978 771 983 -
789 935 978 1011 ἐπειδὴ
1006 934 1117 1015 γάρ
1144 936 1200 994 οἶ
1225 934 1541 1015 ἐξαγγέλθη
1567 933 1599 993 ὁ
1627 933 1924 1011 Πολυκρά-

268 1052 274 1056 ·
324 1048 448 1088 τεος
480 1023 734 1093 θάνατος,
763 1023 943 1082 ἐποίεε
976 1021 1184 1081 τοιάδε·
1225 1026 1418 1098 πρῶτα
1441 1023 1547 1097 μὲν
1572 1020 1710 1085 Διός
1732 1020 1922 1082 Ἐλευ-
1993 1088 2000 1093 ‚

324 1112 510 1189 θερίου
562 1110 762 1188 βωμὸν
813 1108 1097 1188 ἱδρύσατο,
1152 1109 1246 1169 καὶ
1293 1110 1523 1187 τέμενος
1571 1109 1703 1187 περὶ
1753 1108 1926 1171 αὖτὸν

323 1198 516 1277 οὔρισε
541 1202 710 1259 τοῦτο
735 1198 803 1259 τὸ
829 1202 926 1259 νῦν
952 1202 1012 1257 ἐν
1035 1202 1114 1276 τῷ
1139 1197 1468 1277 προαστηΐῳ
1494 1197 1637 1257 ἐστί·
1676 1196 1820 1274 μετὰ
1843 1197 1922 1269 δὲ,

324 1285 397 1351 ὥς
433 1290 487 1347 οἱ
525 1287 841 1362 ἐπεποίητο,
869 1286 1176 1361 ἐκκλησίην
1213 1287 1544 1366 συναγείρας
1567 1283 1791 1345 πάντων
1813 1289 1926 1346 τῶν

324 1374 515 1436 σῖστῶν
547 1375 702 1444 ἔλεξε
741 1374 891 1435 τάδε·
934 1382 971 1409 “
992 1373 1135 1450 ἐμοὶ,
1169 1372 1241 1436 ὥς
1273 1372 1401 1433 ἴστε
1428 1372 1521 1432 καὶ
1543 1372 1716 1450 ὑμεῖς,
1742 1376 1923 1449 σκῆπ-

321 1488 454 1540 τρον
480 1463 573 1523 καὶ
598 1462 825 1539 δύναμις
848 1464 1010 1521 πᾶσα
1034 1459 1072 1536 ἦ
1099 1459 1494 1536 Πολυκράτεος
1514 1460 1923 1538 ἐπιτέτραπται,

322 1552 422 1610 καί
457 1576 557 1627 μοι
598 1551 832 1628 παρέχει
873 1552 971 1609 νῦν
1010 1548 1190 1625 ὖμέων
1227 1546 1438 1627 ἄρχειν·
1493 1547 1603 1630 ἐγὼ
1642 1549 1703 1608 δὲ
1739 1547 1813 1609 τοὶ
1847 1554 1926 1630 τῷ

318 1638 499 1700 πέλας
538 1636 881 1711 ἐπιπλήσσω
920 1633 1087 1698 αὖτὸς
1127 1634 1270 1695 κατὰ
1307 1634 1540 1713 δύναμιν
1579 1634 1646 1695 οὖ
1682 1636 1923 1713 ποιήσω·

325 1721 452 1784 οὔτε
481 1723 593 1805 γάρ
621 1748 727 1800 μοι
758 1720 1132 1800 Πολυκράτης
1169 1721 1378 1800 ἤρεσκε
1403 1722 1688 1796 δεσπόζων
1712 1723 1925 1804 ἀνδρῶν

323 1812 529 1888 ὁμοίων
584 1814 777 1889 ἑωυτῷ,
832 1807 960 1870 οὔτε
1012 1807 1193 1874 ἄλλος
1243 1809 1404 1874 ὅστις
1453 1816 1685 1872 τοιαῦτα
1729 1813 1922 1875 ποιέει.

324 1897 696 1976 Πολυκράτης
733 1898 838 1975 μέν
876 1923 975 1960 νυν
1013 1897 1294 1975 ἐξέπλησε
1324 1902 1529 1977 μοῖραν
1561 1899 1667 1976 τήν
1703 1904 1921 1962 ἑωυτοῦ·

328 1985 437 2069 ε’γαῖ
480 1987 540 2047 δὲ
576 1991 632 2050 ἐς
669 1987 849 2065 μέσον
888 1984 993 2062 τήν
1032 1984 1214 2065 ἀρχὴν
1252 1986 1422 2050 τιθεὶς
1463 1989 1754 2065 ἰσονομίην
1792 1988 1924 2066 ὑμῖν

324 2075 701 2157 προαγορεύω.
766 2073 976 2135 τοσάδε
1008 2075 1202 2151 μέντοι
1241 2072 1431 2134 δικαιῶ
1469 2075 1638 2155 γέρεα
1677 2080 1924 2156 ἐμεωυτῷ

326 2165 609 2246 γενέσθαι·
665 2169 725 2223 ἐκ
766 2163 871 2240 μέν
916 2187 985 2243 γε
1023 2188 1136 2222 των
1183 2161 1581 2240 Πολυκράτεος
1625 2163 1924 2242 χρημάτων

326 2252 578 2328 ἐξαίρετα
605 2251 668 2321 εξ
689 2250 942 2311 τάλαντά
966 2275 1066 2327 μοι
1089 2250 1372 2332 γενέσθαι·
1413 2249 1693 2328 ἲρωσύνην
1707 2252 1768 2311 δὲ
1785 2251 1925 2330 πρός

324 2337 578 2399 τούτοισι
612 2341 871 2415 αἱρεῦμαι
910 2336 1058 2416 αυτῷ
1087 2337 1137 2397 τ’
1171 2337 1296 2414 ἐμοὶ
1337 2337 1430 2396 καὶ
1468 2341 1624 2398 τοῖσι
1663 2337 1758 2398 ἀπ’
1793 2344 1924 2418 ε’μεῦ

325 2425 433 2485 αἰεὶ
470 2425 834 2506 γινομένοισι,
874 2426 976 2484 τοῦ
1009 2424 1151 2488 Διὸς
1178 2428 1280 2484 τοῦ
1313 2423 1808 2508 Ἐλευθερίου·τῷ
1831 2427 1924 2489 αὕ-

323 2511 419 2574 τός
442 2537 504 2572 τε
532 2510 651 2589 ἶρόν
680 2510 1013 2589 ἱδρυσάμην,
1036 2512 1130 2571 καὶ
1153 2511 1258 2588 τήν
1286 2513 1604 2591 ἐλευθερίην
1622 2512 1756 2591 ὖμῖν
1774 2539 1927 2593 περι·

328 2598 572 2677 τίθημι.”
638 2597 672 2659 ὁ
701 2601 804 2676 μὲν
836 2598 904 2674 δὴ
935 2602 1112 2659 ταῦτα
1148 2603 1306 2660 τοῖσι
1342 2601 1613 2678 Σαμίοισι
1652 2605 1926 2684 ἐπαγγέλ-

324 2693 476 2750 λετο·
517 2692 627 2749 τῶν
654 2688 717 2748 δέ
740 2713 823 2752 τις
850 2686 1156 2758 ἐξαναστὰς
1177 2687 1315 2749 εἶπε·
1357 2699 1394 2725 “
1410 2688 1543 2748 ἀλλ’
1564 2687 1679 2750 οὐδ’
1698 2689 1852 2761 ἄξιος
1878 2691 1936 2753 εἳ

324 2776 402 2836 σύ
439 2802 507 2859 γε
537 2776 721 2853 ημέων
751 2775 960 2855 ἄρχειν,
991 2775 1234 2857 γεγονώς
1265 2802 1330 2837 τε
1361 2775 1529 2841 κακός
1555 2777 1648 2837 καὶ
1675 2777 1780 2839 ε’ων
1803 2778 1930 2840 ὄλε-

328 2863 479 2940 θρος·
520 2863 674 2923 αλλὰ
711 2867 938 2940 μᾶλλον
978 2861 1115 2926 ὅκως
1161 2862 1338 2945 λόγον
1382 2863 1581 2929 δώσεις
1615 2868 1727 2926 τῶν
1769 2891 1927 2944 μετε·

234 2950 348 3007 143
367 2950 620 3027 χείρισας
669 2948 989 3029 χρημάτων.
987 2948 1020 2969 “’
1099 2953 1290 3009 Ταῦτα
1343 2950 1479 3021 ειπε,
1524 2950 1628 3012 ἐων
1675 2957 1734 3013 ἐν
1772 2957 1931 3015 τοῖσι

332 3034 562 3096 αστοῖσι
587 3036 828 3114 δόκιμος,
853 3039 931 3114 τῷ
956 3035 1169 3113 οὕνομα
1193 3036 1264 3114 ἦν
1288 3040 1667 3119 Τελέσαρχος·
1707 3041 1928 3102 Μαιάν-

330 3119 457 3194 δρος
487 3122 547 3181 δὲ
576 3121 685 3200 νόω
719 3122 921 3197 λαβὼν
952 3147 1022 3186 ως
1054 3127 1104 3182 εἰ
1132 3123 1370 3200 μετήσει
1399 3125 1506 3202 τήν
1539 3125 1723 3207 α’ρχήν
1749 3128 1932 3195 ἄλλος

328 3226 412 3265 τις
450 3205 565 3265 ἀντ’
601 3206 772 3267 αὐτοῦ
808 3207 1072 3284 τύραννος
1112 3210 1546 3295 καταστήσεται,
1589 3212 1774 3274 οὐδ”
1744 3241 1828 3276 ετι
1869 3220 1934 3279 ἐν
