2250 3500
325 98 607 163 173-175]
953 103 1274 151 ΕΤΤΕΡΠΗ.
1818 102 1910 152 195

327 181 602 257 ἐπιτήδεα,
643 181 953 241 κλέπτεσκε
989 178 1058 241 ἂν
1096 181 1335 259 περιϊών·
1381 185 1436 243 οἶ
1475 179 1522 243 δ’
1561 180 1631 243 ἅν
1667 206 1766 259 μιν
1803 178 1912 259 φά-

329 293 485 328 ιιενοι
508 268 651 347 ἔχειν
674 268 747 327 ταῖ
773 269 1023 346 σφέτερα
1040 268 1306 349 χρήματα
1323 268 1650 347 ἀρνεύμενον
1669 268 1912 351 ἄγεσκον

328 356 423 415 ἐπὶ
462 355 749 432 μαντήϊον,
790 355 923 415 ὅκου
972 357 1238 417 ἑκάστοτε
1285 358 1388 432 εἴη.
1466 357 1660 417 πολλὰ
1697 360 1802 434 μὲν
1845 356 1914 435 δὴ

328 445 420 503 καὶ
445 444 768 503 αλίσκετο“
736 470 844 504 υπο
875 449 985 504 τῶν
1016 446 1308 522 μαντηΐων,
1335 444 1529 505 πολλα
1565 444 1624 505 δε
1659 446 1754 504 καὶ
1777 445 1911 505 ἀπο-

330 531 625 614 φεύγεσκε·
667 534 791 591 ἐπεί
809 556 872 591 τε
900 532 961 592 δὲ
993 534 1085 592 καὶ
1119 533 1534 609 ἐβασίλευσε,’
1508 536 1685 592 εποίεε
1708 534 1910 594 τοιάδε·

328 618 459 679 ὅσοι
494 622 599 696 μὲν
628 617 797 680 αὐτον
831 624 941 680 τῶν
977 620 1115 681 θεῶν
1141 618 1434 681 ἀπέλυσαν
1461 619 1544 697 μὴ
1570 624 1734 733 φῶρα
1759 620 1912 691 εἶναι,

328 707 537 767 τούτων
573 709 678 784 μὲν
714 710 825 767 τῶν
862 710 993 785 ἱρῶν
1031 705 1160 767 οὔτε
1201 707 1502 785 ἐπεμέλετο
1541 706 1668 767 οὗτε
1706 712 1762 771 ἐς
1799 712 1914 767 ἐπι-

330 794 536 871 σκευὴν
572 795 751 854 ἐδίδου
786 793 962 855 οὐδέν·
1003 794 1130 857 οὐδὲ
1161 796 1398 871 φοιτέων
1433 795 1572 865 ἔθυε,
1601 793 1674 858 ὥς
1697 793 1915 859 οὕδενός

332 886 489 941 ἐοῦσι
514 882 721 953 ἀξίοισι
745 880 949 960 ψεύδεά
974 908 1039 944 τε
1070 882 1313 961 μαντήῖα
1345 884 1748 960 κεκτημένοισι·
1787 882 1916 943 ὅσοι

332 969 395 1029 δέ
415 995 512 1046 μιν
537 970 845 1046 κατέδησαν
875 973 1039 1047 φῶρα
1070 970 1224 1041 εἶναι,
1249 969 1457 1031 τούτων
1486 970 1547 1031 δὲ
1573 969 1646 1035 ὥς
1667 970 1915 1047 ἀληθέως

332 1056 471 1117 θεῶν
511 1056 707 1118 ἐόντων
746 1056 839 1117 καὶ
876 1056 1117 1136 α’ψευδέα
1152 1057 1393 1136 μαντήῖα
1429 1058 1819 1139 παρεχομένων
1841 1058 1915 1118 τιὶ

330 1143 585 1221 μάλιστα
610 1145 929 1222 ἐπεμέλετο.

414 1233 531 1293 Καὶ
565 1236 733 1293 τοῦτο
770 1234 889 1309 μὲν,
917 1236 977 1293 ἐν
1014 1230 1123 1299 Σάῖ
1158 1234 1232 1311 τῇ
1253 1232 1522 1313 Ἀθηναίῃ
1549 1232 1874 1311 προπύλαια
1891 1232 2006 1296 175

334 1319 627 1397 θωυμάσιά
651 1323 705 1380 οἱ
731 1320 1041 1396 ἐξεποίησε,
1066 1320 1289 1381 πολλὰν
1321 1319 1532 1383 πάντας
1556 1320 1912 1397 ὑπερβαλλό-

332 1432 495 1484 μενος
523 1412 601 1485 τῷ
632 1432 694 1467 τε
722 1406 853 1485 ὕψεϊ
882 1407 977 1467 καὶ
1014 1410 1092 1485 τῷ
1135 1406 1383 1488 μεγάθεΐ,
1419 1405 1569 1467 ὅσων
1604 1432 1668 1467 τε
1706 1406 1772 1466 τὰ
1818 1407 1912 1483 με’-

331 1494 505 1575 γαθος
530 1494 701 1555 λίθων
726 1494 849 1553 ἐστὶ
874 1495 968 1553 καὶ
995 1493 1192 1554 ὁκοίων
1223 1494 1376 1554 τέων·
1415 1497 1582 1555 τοῦτο
1607 1494 1684 1563 δὲ,
1711 1497 1915 1554 κολοσ-

333 1582 471 1645 σούς
482 1580 759 1663 μεγάλους
776 1581 867 1641 καὶ
882 1580 1302 1663 ἀνδρόσφιγγας
1319 1580 1654 1659 περιμήκεας
1669 1580 1914 1657 ἀνέθηκε,

332 1670 525 1733 λίθους
542 1694 606 1729 τε
631 1668 840 1741 ἄλλους
860 1674 915 1735 ἐς
940 1668 1236 1746 ἐπισκευὴν
1253 1669 1568 1746 ὑπερφυέας
1583 1669 1650 1730 τὰ
1673 1669 1917 1751 μέγαθος

336 1756 583 1834 ἐκόμισε.
660 1756 905 1839 ἠγάγετο
938 1757 997 1818 δὲ
1025 1758 1233 1820 τούτων
1256 1783 1386 1822 τους
1412 1760 1516 1835 μὲν
1546 1762 1608 1818 ἐκ
1641 1763 1751 1818 τῶν
1775 1783 1916 1818 κατα

336 1846 624 1922 Μέμφιν’
599 1845 833 1906 εουσέων
856 1847 1236 1923 λιθοτομιέων,
1261 1871 1390 1909 τους
1420 1845 1480 1906 δὲ
1507 1845 1919 1928 υπερμεγαθεας

337 1933 400 2002 ἐξ
421 1932 818 2008 Ἐλεφαντίνης
846 1932 1060 2004 πόλιος,
1086 1933 1274 1998 πλόον
1300 1934 1392 1993 καὶ
1431 1934 1638 1994 ἐείκοσι
1671 1931 1917 2011 ἡμερέων

336 2019 659 2099 ἀπεχούσης
695 2018 807 2079 ἀπο
860 2020 1043 2085 Σάιος.
1122 2045 1190 2079 το
1244 2019 1304 2080 δὲ
1357 2019 1458 2080 οὐκ
1494 2019 1700 2095 ἥκιστα
1739 2019 1919 2080 αὐτῶν

336 2105 493 2167 ἀλλὰ
527 2107 783 2218 μάλιστα
823 2107 1101 2183 θωυμάζω,
1144 2108 1268 2166 ἔστι
1303 2105 1450 2168 τόδε·
1491 2105 1694 2182 οἴκημα
1726 2105 1922 2181 μουνό-

334 2195 499 2255 λιθον
539 2193 766 2272 ἐκόμισε
799 2193 861 2264 ἐξ
901 2193 1303 2270 Ἐλεφαντίνης
1347 2191 1566 2256 πόλιος·
1627 2192 1720 2251 καὶ
1757 2196 1921 2253 τοῦτο

338 2280 591 2359 ἐκόμιζον
612 2284 717 2359 μὲν
746 2279 831 2342 ἐπ’
857 2281 980 2342 ἔτεα
1011 2283 1156 2360 τρία,
1194 2280 1468 2362 δισχίλιοι
1491 2279 1554 2340 δέ
1578 2282 1634 2340 οἱ
1655 2305 1921 2392 προσετε-

335 2369 551 2448 τάχατο
601 2367 791 2448 ἄνδρες
802 2367 1099 2482 aalmavia,
1138 2370 1232 2430 καὶ
1283 2367 1437 2432 οὗτοι
1488 2367 1726 2432 ἅπαντες
1773 2393 1924 2444 ησαν

338 2459 691 2536 κυβερνῆται·
756 2460 859 2533 τῆς
894 2457 956 2516 δὲ
994 2459 1200 2539 στέγης
1236 2456 1439 2536 ταύτης
1486 2483 1554 2518 το
1605 2459 1709 2535 μὲν
1745 2461 1924 2535 μῆκος

338 2545 535 2614 ἔξωθεν
559 2546 685 2606 ἔστι
707 2543 785 2608 εἷς
808 2569 871 2604 τε
896 2545 987 2603 καὶ
1014 2545 1195 2606 εἴκοσι
1217 2544 1438 2624 πήχεες,
1467 2544 1622 2623 εὖρος
1644 2545 1704 2604 δὲ
1725 2569 1923 2606 τεσσε-

336 2631 683 2708 ρεσκαίδεκα,
734 2629 877 2711 ὕψος
926 2629 988 2690 δὲ
1036 2631 1202 2694 ὀκτώ.
1280 2637 1456 2694 ταῦτα
1499 2635 1604 2710 μὲν
1639 2631 1714 2691 τοὶ
1749 2633 1927 2708 μέτρα

340 2718 538 2788 ἔξωθεν
586 2724 690 2795 τῆς
740 2719 946 2801 στέγης
1004 2723 1107 2796 τῆς
1171 2720 1508 2798 μουνολίθου
1561 2717 1704 2778 ἐστί·
1784 2715 1927 2794 οἶτοὶρ

340 2806 548 2868 ἔσωθεν
570 2833 638 2868 το
676 2811 855 2884 μῆκος
892 2806 1262 2868 ὀκτωκαίδεκα
1295 2806 1517 2884 πηχέων
1556 2805 1650 2864 καὶ
1673 2803 1925 2884 πυγόνος,

337 2901 405 2954 το
388 2891 562 2952 δὲ’
504 2919 660 3004 ευρος
684 2893 923 2955 δυώδεκα
947 2896 1186 2974 πηχέων,
1200 2920 1266 2954 το
1293 2893 1353 2952 δὲ
1370 2893 1510 2970 ὕψος
1527 2892 1691 2952 πέντε
1708 2891 1930 2970 πηχέων

342 2981 485 3040 ἐστί.
537 2981 675 3058 αὕτη
713 2985 813 3042 τοῦ
854 2985 973 3058 ἱροῦ
1014 2983 1196 3041 κέεται
1231 2979 1385 3056 παρὰ
1419 2978 1524 3054 τήν
1563 2977 1778 3039 ἔσοδον·
1820 2979 1932 3038 ἔσω

338 3066 451 3148 γάρ
474 3093 573 3146 μιν
598 3073 653 3140 ἐς
676 3094 743 3128 το
770 3068 889 3145 ἱρόν
913 3075 1063 3145 φασι
1083 3065 1241 3128 τῶνδ’
1269 3068 1446 3128 εἵνεκα
1471 3065 1572 3126 οὔκ
1609 3064 1930 3129 ἐσελκυσαι·

340 3153 442 3214 τόν
505 3154 866 3234 ἀρχιτέκτονα
927 3154 1112 3231 αὐτῆς,
1180 3154 1480 3229 ἑλκομένης
1541 3156 1644 3228 τῆς
1707 3153 1932 3234 στέγης,

340 3239 713 3312 ἀναστενάξαι
771 3240 864 3301 οἶά
918 3267 982 3301 τε
1038 3241 1246 3320 χρόνου
1303 3239 1656 3321 ἐκγεγονότος
1709 3240 1933 3300 πολλοῦ
