2250 3500
296 62 393 111 268
900 62 1272 117 ‘HPOAo'ro'r
1760 62 1891 129 [ΠΙ.

292 140 398 217 τὴν
422 141 687 205 Μίλωνος
712 142 988 224 θυγατέρα
1015 143 1354 221 Δημοκήδης
1375 144 1631 224 γυναῖκα·
1661 145 1762 202 τοῦ
1784 142 1898 224 γὰρ

294 227 363 303 δὴ
416 230 741 289 παλαιστέω
793 229 1057 295 Μίλωνος
1107 230 1180 306 ἦν
1223 230 1432 307 οὕνομα
1478 229 1700 289 πολλᾶν
1745 230 1902 306 παρὰ

294 316 555 390 βασιλέϊ·
612 317 753 376 κατοὶ
800 317 869 393 δὴ
913 318 1080 379 τοῦτό
1133 344 1233 394 μοι
1278 318 1457 378 δοκέει
1509 320 1761 377 σπεῦσαι
1798 318 1900 379 τόν

296 400 479 482 γάμον
502 406 703 463 τοῦτον
727 405 967 469 τελέσας
996 404 1261 484 χρήματα
1293 404 1519 485 μεγάλα
1545 404 1900 479 Δημοκήδης,

301 490 389 549 ἵνα
429 496 584 570 φανῇ
613 492 754 569 πρὸς
784 495 1024 570 Δαρείου
1056 493 1159 553 ἐῶν
1192 493 1283 552 καὶ
1316 498 1376 553 ἐν
1406 495 1480 571 τῇ
1521 495 1724 551 ἑωυτοῦ
1757 491 1902 552 δόκι-

208 579 322 637 138
336 604 467 659 μος.
546 579 909 658 Ἀναχθέντες
938 581 998 640 δὲ
1030 586 1089 641 ἐκ
1120 584 1223 657 τῆς
1256 578 1552 656 Κρότωνος
1584 581 1639 639 οἱ
1679 579 1904 657 Πέρσαι

300 667 632 727 ἐκπίπτουσι
656 672 795 747 τῇσι
818 668 986 743 νηυσὶ
1012 673 1068 731 ἐς
1099 666 1408 748 Ἰηπυγίην·
1452 667 1549 726 καί
1572 673 1755 744 σφεας
1780 666 1903 727 δου-

300 754 565 818 λεύοντας
611 755 845 816 ἐνθαῦτα
888 756 1099 819 Γίλλος
1145 753 1289 832 οἷνῆρ
1337 758 1674 831 Ταραντῖνος
1721 754 1904 834 φυγοῖς

307 842 635 918 ῥυσάμενος,
677 841 936 923 ἀπήγαγε
973 842 1128 919 παροὶ
1167 842 1429 917 βασιλέα
1470 844 1730 918 Δαρεῖον·
1773 840 1806 901 ὅ
1841 840 1904 901 δὲ

302 926 427 988 οἶντὶ
460 927 671 989 τούτων
703 932 923 1005 ἑτοῖμος
952 928 1022 1005 ἤν
1057 929 1268 990 διδόναι
1296 933 1464 990 τοῦτο
1491 928 1525 989 ὅ
1549 954 1606 989 τι
1629 927 1904 1004 βούλοιτο

303 1013 487 1079 αὐτός·
544 1017 757 1078 Γίλλος
791 1016 851 1075 δὲ
886 1018 1128 1094 αἱρέεται
1171 1016 1406 1077 κάτοδόν
1453 1018 1508 1076 οἶ
1549 1021 1606 1079 ἐς
1646 1015 1904 1093 Τάραντα

300 1103 579 1183 γενέσθαι,
619 1104 1166 1185 προαπηγησάμενος
1202 1104 1311 1180 τήν
1349 1102 1674 1181 συμφορήν·
1717 1103 1807 1164 ἵνα
1844 1104 1905 1163 δὲ

301 1189 382 1266 μὴ
425 1190 743 1271 συνταράξῃ
780 1190 888 1267 τὴν
924 1191 1197 1262 Ἐλλάδα,
1243 1190 1313 1267 ἢν
1360 1190 1430 1252 δι’
1477 1190 1646 1251 αύτόν
1695 1190 1904 1255 στόλος

302 1280 479 1359 μέγας
503 1280 651 1357 πλέῃ
678 1279 770 1339 ἐπὶ
794 1278 901 1355 τὴν
923 1278 1191 1356 Ἰταλίην,
1220 1279 1480 1342 Κνιδίους
1504 1280 1742 1356 μούνους
1766 1277 1904 1339 ‹in-0·

302 1371 448 1446 χρᾶν
484 1370 538 1427 οἶ
570 1369 679 1443 ἔφη
709 1366 839 1430 τοῦς
870 1367 1213 1448 κατάγοντας
1241 1368 1518 1448 γίνεσθαι,
1553 1366 1755 1426 δοκέων
1789 1361 1932 1441 ἀπό,

304 1454 511 1515 τούτων
538 1456 735 1515 ἐόντων
758 1458 913 1516 τοῖσι
938 1456 1329 1533 Ταραντίνοισι
1352 1455 1536 1531 φίλων
1550 1452 1808 1530 μάλιστα
1833 1453 1903 1531 δὴ

304 1542 407 1617 τήν
442 1541 674 1602 κάτοδόν
706 1546 761 1602 οἶ
791 1542 1043 1603 ἔσεσθαι.
1120 1546 1359 1618 Δαρεῖος
1400 1542 1460 1601 δὲ
1500 1540 1906 1618 ὑποδεξάμενος

306 1631 579 1689 ἐπετέλεε·
619 1630 846 1711 πέμψας
882 1629 994 1709 γὰρ
1027 1627 1273 1711 ἄγγελον
1310 1634 1366 1693 ἐς
1398 1630 1606 1689 Κνίδον
1647 1628 1907 1709 κατάγειν

306 1717 491 1793 σφέας
531 1717 751 1777 ἐκέλευε
791 1717 1007 1777 Γίλλον
1048 1722 1105 1782 ἐς
1145 1718 1421 1796 Τάραντα·
1476 1716 1800 1796 πειθόμενοι
1843 1718 1908 1778 δὲ

307 1806 524 1884 Δαρείῳ
550 1805 775 1865 Κνίδιοι·
794 1805 1164 1881 Ταραντίνους
1190 1805 1291 1866 οὐκ
1319 1806 1392 1868 ὧν
1419 1807 1655 1878 ἔπειθον,
1683 1807 1820 1882 βίην
1844 1806 1908 1866 δὲ

309 1891 568 1952 ἀδύνατοι
606 1891 757 1968 ἦσαν
800 1895 1166 1971 προσφέρειν.
1245 1899 1424 1955 ταῦτα
1472 1896 1578 1971 μέν
1628 1919 1726 1954 νυν
1765 1893 1909 1953 οὕτω

307 1979 581 2060 ἐπρήχθη·
618 1979 791 2042 Ὂῦτοι
833 1981 893 2040 δὲ
933 1985 1146 2058 πρῶτοι
1187 1986 1249 2041 ἐκ
1300 1986 1402 2058 τῆς
1451 1981 1652 2058 Ἀσίης
1704 1986 1762 2045 ἐς
1802 1981 1909 2056 τήν

304 2068 559 2130 Ἑλλάδα
598 2068 866 2130 οἷπίκοντο
910 2071 1152 2147 Πέρσαι,
1197 2070 1288 2129 καὶ
1342 2067 1496 2130 οὗτοι
1550 2069 1642 2130 διὰ
1692 2068 1909 2130 τοιόνδε

311 2163 546 2238 πρῆγμα
584 2157 933 2218 κατάσκοποι
970 2158 1244 2239 ἐγένοντο.

218 2248 329 2306 139
414 2243 578 2305 Μετὰ
615 2245 674 2304 δὲ
704 2249 896 2315 ταῦτα,
930 2244 1125 2322 Σάμον
1159 2245 1438 2322 βασιλεῦς
1473 2247 1712 2323 Δαρεῖος
1736 2245 1910 2323 αἱρέει

306 2333 518 2393 πολίων
547 2333 773 2392 πασέων
810 2332 1037 2411 πρώτην
1067 2333 1414 2409 Ἑλληνίδων
1446 2333 1538 2392 καὶ
1573 2333 1906 2410 βαρβάρων,

306 2419 398 2479 διοῖ
422 2417 640 2493 τοιήνδε
663 2419 788 2479 τινὰ
813 2421 1012 2495 αἰτίην·
1045 2420 1379 2496 Καμβύσεω
1402 2424 1502 2480 τοῦ
1525 2419 1718 2495 Κύρου
1735 2446 1906 2498 στρα-

304 2506 600 2583 τευομένου
642 2505 737 2565 ἐπ’
781 2507 1083 2587 Αἴγυπτον,
1128 2508 1302 2569 ἄλλοι
1340 2533 1404 2568 τε
1447 2508 1652 2587 συχνοὶ
1699 2512 1756 2572 ἐς
1801 2508 1907 2583 τήν

304 2595 589 2675 Αἴγυπτον
623 2592 889 2656 ἀπίκοντο
923 2594 1228 2672 Ἑλλήνων,
1256 2599 1310 2655 οῖ
1345 2597 1465 2671 μὲν,
1495 2595 1566 2659 ὥς
1592 2594 1757 2666 οἰκὸς,
1788 2602 1908 2655 κατ’

309 2683 594 2760 ἐμπορίην,
622 2685 677 2742 οἱ
708 2682 769 2742 δὲ
804 2682 1252 2761 στρατευόμενοι,
1282 2687 1336 2742 οἱ
1363 2683 1425 2742 δέ
1447 2708 1590 2746 τινες
1617 2683 1710 2742 καὶ
1735 2681 1909 2758 αὐτῆς

305 2776 407 2846 τῆς
445 2770 629 2849 χώρης
669 2771 877 2846 θεηταὶ,
918 2774 1029 2830 τῶν
1063 2769 1135 2847 ἦν
1172 2770 1264 2829 καὶ
1306 2771 1578 2834 Συλοσῶν
1604 2769 1638 2830 0‘
1674 2769 1909 2835 Αἰάκεος

307 2857 700 2935 Πολυκράτεός
722 2883 785 2917 τε
811 2857 913 2917 ἐῶν
932 2857 1209 2932 οἷδελφεὸς
1235 2859 1327 2917 καὶ
1355 2858 1577 2938 φεύγων
1602 2863 1663 2918 ἐκ
1691 2857 1908 2934 Σάμου.

305 2949 503 3005 τοῦτον
527 2945 626 3005 τόν
653 2947 997 3009 Συλοσῶντα
1024 2944 1310 3022 κατέλαβε
1339 2944 1565 3024 εὐτυχίη
1591 2969 1674 3008 τις
1699 2945 1908 3021 τοιήδε·

305 3031 506 3106 λαβὼν
528 3032 771 3109 χλανίδα
807 3033 899 3090 καὶ
934 3031 1387 3109 περιβαλόμενος
1421 3032 1640 3111 πυρρὴν
1664 3031 1912 3113 ἠγόραζε

312 3119 372 3173 ἐν
404 3120 475 3192 τῇ
512 3119 735 3193 Μέμφι·
778 3119 905 3178 ἰδών
930 3119 990 3178 δὲ
1026 3117 1197 3178 αὐτὸν
1223 3124 1477 3198 Δαρεῖος,
1505 3121 1817 3198 δορυφόρος
1845 3146 1912 3182 τε

308 3199 410 3256 ε’ὢν
440 3204 769 3276 Καμβύσεω
803 3206 895 3262 καὶ
926 3204 1103 3284 λόγου
1129 3203 1350 3276 οὐδενός
1375 3233 1454 3268 κω
1477 3208 1753 3285 μεγάλου,
1783 3213 1909 3268 ἐπε-
