2250 3500
364 110 464 159 232
964 108 1330 158 ·131>0A0⁷ro¹1·
1829 108 1958 173 [111.

364 185 687 247 ἀποπίπτει·
725 187 1012 267 γυμνωθὲν
1043 186 1103 246 δὲ
1137 186 1204 246 τδ
1239 187 1406 263 ξίφος
1438 188 1594 248 παίει
1628 188 1730 249 τόν
1758 188 1963 266 μηρόν·

358 275 761 353 τρωματισθεὶς
791 275 852 334 δὲ
888 272 1029 335 κατὰ
1054 278 1220 333 τοῦτο
1259 278 1333 353 τῇ
1360 274 1527 338 αύτός
1555 274 1830 353 πρότερον
1861 276 1965 339 τᾶν

356 366 467 423 τῶν
486 364 803 442 Αἰγυπτίων
830 360 958 422 θεόν
971 361 1148 422 Ἀπιν
1175 362 1396 437 ἔπληξε,
1421 362 1492 425 ὥς
1517 365 1571 422 οἱ
1597 364 1783 442 καιρίῃ
1811 364 1964 434 ἔδοξε

360 450 647 526 τετύφθαι,
678 451 853 525 εἴρετο
880 450 911 509 ὅ
939 450 1266 527 Καμβύσης
1305 449 1339 510 ὅ
1376 476 1433 511 τι
1463 455 1535 529 τῇ
1572 450 1713 511 πόλι
1752 450 1964 529 οὔνομα

361 538 480 615 εἴης
524 542 579 599 οἳ
603 539 662 601 δὲ
691 538 852 598 εἶπαν
878 536 965 598 ὅτι
988 537 1340 619 Ἀγβάτανα·
1380 541 1460 616 τῷ
1494 539 1554 597 δὲ
1581 539 1661 597 ἔτι
1689 538 1964 616 πρότερον

361 625 625 705 ἐκέχρητο
652 632 712 685 ἐκ
739 628 983 689 Βουτοῦς
1009 625 1225 695 πόλιος,
1255 630 1313 685 ἐν
1335 623 1752 706 Ἀγβατάνοισι
1774 631 1963 688 τελευ-
1999 676 2005 681 .

358 713 555 791 τήσειν
603 714 703 774 τόν
754 714 907 790 βίον·
960 710 995 773 ὅ
1046 715 1152 790 μὲν
1205 712 1274 788 δὴ
1329 717 1388 773 ἐν
1438 716 1592 773 τοῖσι
1649 714 1964 790 Μηδικοῖσι

358 799 769 883 Ἀγβατάνοισι
809 799 991 861 ἐδόκεε
1030 800 1390 876 τελευτήσειν
1427 800 1675 881 γηραιός,
1710 805 1770 861 ἐν
1805 804 1968 863 τοῖσί

359 891 413 948 οἶ
443 888 514 964 ἦν
543 888 727 949 πάντα
755 887 829 948 τά
867 888 1189 969 πρήγματα,
1214 888 1281 948 τὸ
1323 888 1385 946 δὲ
1421 888 1771 967 χρηστήριον
1806 893 1962 950 τοῖσι

362 980 421 1036 ἐν
447 976 621 1055 Συρίῃ
659 975 1069 1057 Ἀγβατάνοισι
1110 977 1272 1056 ἔλεγε
1310 974 1438 1052 ἄρα·
1481 976 1574 1033 καὶ
1613 975 1681 1052 δὴ
1723 976 1796 1041 ὥς
1833 976 1963 1038 τότε

358 1064 735 1141 ἐπειρεόμενος
788 1063 1024 1123 ἐπύθετο
1060 1066 1166 1138 τῆς
1202 1062 1404 1127 πόλιος
1454 1062 1523 1123 τὰ
1551 1062 1798 1141 -οὕνομα,
1848 1064 1962 1127 ὖπό

356 1154 459 1228 τῆς
483 1156 784 1229 συμφορῆς
818 1155 920 1228 τῆς
942 1177 1007 1212 τε
1043 1156 1103 1210 ἐκ
1140 1155 1240 1211 τοῦ
1270 1150 1476 1232 Μάγου
1503 1154 1964 1233 ἐκπεπληγμένος

359 1239 451 1298 καὶ
488 1244 589 1299 τοῦ
634 1238 921 1317 τρώματος
970 1237 1356 1316 ἐσωφρόνησε·
1438 1239 1756 1315 συλλαβῶν
1794 1241 1855 1300 δὲ
1893 1241 1963 1303 τό

360 1327 696 1406 θεοπρόπιον
738 1328 875 1388 εἷπε·
929 1337 965 1363 “
984 1328 1223 1388 ἐνθαῦτα
1247 1326 1596 1405 ,Καμβύσεα
1635 1326 1737 1389 τᾶν
1768 1329 1964 1407 Κύρου

359 1417 483 1476 ἐστὶ
508 1417 865 1495 πεπρωμένον
889 1412 1208 1476 τελευτᾶν.”

264 1503 339 1561 65
416 1505 576 1565 Τότε
600 1508 704 1582 μὲν
726 1507 995 1565 τοσαῦτα·
1034 1503 1280 1581 ἡμέρῃσι
1313 1502 1374 1562 δὲ
1407 1500 1647 1579 ὕστερον
1671 1501 1744 1566 ὥς
1779 1502 1961 1565 εἴκοσι

352 1592 855 1671 μεταπεμψάμενος
875 1591 1145 1668 Περσέων
1169 1594 1279 1651 τῶν
1305 1591 1622 1666 παρεόντων
1646 1590 1778 1655 τούς
1802 1596 1957 1673 λογι-

353 1679 653 1756 μωτάτους,
686 1679 848 1760 ἔλεγέ
879 1684 992 1754 σφι
1032 1677 1184 1737 τάδε·
1227 1689 1263 1714 “
1281 1677 1322 1736 ὦ
1367 1679 1609 1756 Πέρσαι,
1649 1678 1962 1739 καταλελά-

351 1768 502 1844 βηκέ
534 1793 607 1844 με
644 1767 713 1827 τό
752 1767 972 1826 πάντων
1010 1765 1268 1843 μάλιστα
1311 1767 1580 1877 ἔκρυπτον
1617 1767 1962 1848 πρηγμάτων

350 1859 515 1916 τοῦτο
544 1859 599 1918 ἐς
624 1853 795 1931 ύμέας
830 1857 1085 1933 ἐκφῇναι.
1170 1854 1278 1936 ἐγῶ
1305 1855 1433 1936 γὰρ,
1463 1854 1566 1915 ἐων
1592 1859 1652 1914 ἐν
1677 1855 1957 1936 Αἰγύπτῳ,

358 1942 503 2004 εἶδον
554 1942 685 2022 ὄψιν
726 1948 784 2003 ἐν
824 1946 901 2022 τῶ
939 1968 1091 2021 υπνῳ
1132 1941 1238 2018 τήν
1277 1941 1512 2020 μηδαμὰ
1551 1940 1766 2018 οφελον
1806 1943 1955 2005 ἰδεῖν·

352 2030 571 2093 ἐδόκεον
596 2031 659 2092 δέ
680 2057 781 2108 μοι
806 2030 1051 2112 ἄγγελον
1078 2028 1319 2090 ἐλθόντα
1347 2031 1410 2100 ἐξ
1440 2032 1594 2090 οἴκου
1635 2029 1953 2112 ἀγγέλλειν,

350 2118 421 2184 οἷς
454 2121 689 2198 Σμέρδις
731 2119 980 2197 ἱζόμενος
1012 2122 1069 2182 ἐς
1104 2117 1204 2178 τὸν
1235 2118 1550 2194 βασιλήϊον
1587 2118 1787 2196 θρόνον
1819 2125 1953 2196 ψαύ-

349 2233 469 2268 σειε
506 2213 579 2287 τῇ
622 2211 846 2286 κεφαλῇ
885 2209 988 2267 τοῦ
1029 2205 1287 2284 ούρανοῦ·
1341 2206 1532 2270 δείσας
1571 2205 1632 2265 δὲ
1670 2205 1752 2283 μὴ
1793 2206 1955 2266 ἀπαι-

347 2297 518 2370 ρεθέω
583 2321 689 2371 την
751 2293 934 2373 ἀρχὴν
1000 2293 1141 2372 πρὸς
1192 2297 1297 2354 τοῦ
1360 2291 1658 2368 ἀδελφεοῦ,
1716 2295 1956 2371 ἐποίησα

350 2382 627 2461 ταχύτερα
652 2381 689 2458 ἢ
723 2381 1043 2458 σοφώτερα·
1087 2386 1148 2441 ἐν
1182 2386 1254 2459 τῇ
1287 2381 1399 2463 γάρ
1435 2380 1756 2460 ἀνθρωπηιῃ
1783 2381 1956 2459 φύσει

352 2497 450 2530 ουκ
492 2475 619 2546 ἐνῆν
651 2469 761 2547 ἄρα
793 2469 859 2530 τό
895 2471 1115 2545 μέλλον
1154 2470 1414 2550 γίνεσθαι
1447 2467 1802 2548 ἀποτρέπειν·
1845 2470 1954 2552 ἐγω

352 2558 411 2616 δὲ
464 2585 496 2618 ο
549 2557 783 2635 μάταιος
851 2556 1208 2634 Πρηξασπεα
1268 2557 1582 2634 ἀποπέμπω
1645 2562 1702 2620 ἐς
1761 2560 1956 2622 Σοῦσα

350 2645 754 2706 ἀποκτενέοντα
826 2644 1084 2722 Σμέρδιν·
1175 2645 1606 2727 ἐξεργασθέντος
1661 2645 1721 2704 δὲ
1785 2651 1958 2706 κακοῦ

350 2733 625 2795 τοσούτου
651 2732 821 2797 ἀδεῶς
848 2732 1168 2810 διαιτώμην,
1198 2732 1414 2810 οὖδαμά
1452 2732 1847 2810 ἐπιλεξάμενος
1871 2734 1958 2811 μή

352 2823 484 2882 κοτέ
516 2822 602 2886 τίς
635 2847 750 2900 μοι,
790 2820 1057 2899 Σμέρδιος
1096 2820 1564 2898 ὑπαραιρημένου,
1601 2819 1782 2885 ἄλλος
1823 2827 1958 2881 ε’πα-

351 2910 590 2986 νασταίη
610 2908 931 2987 ἀνθρώπων·
958 2907 1167 2971 παντός
1187 2907 1246 2966 δὲ
1262 2911 1364 2968 τοῦ
1383 2909 1696 2985 μέλλοντος
1721 2908 1958 2970 ἔσεσθαι

350 2993 624 3073 ἀμαρτῶν,
658 2995 1100 3072 ἀδελφεοκτόνος
1139 3021 1218 3067 τε,
1247 2995 1405 3070 οὐδὲν
1439 2996 1581 3066 δέον,
1608 2997 1830 3078 γέγονα,
1860 2999 1958 3058 καὶ

347 3085 447 3156 τῆς
469 3084 782 3160 βασιληιης
809 3081 1025 3143 οὐδὲν
988 3108 1179 3158 ησσον
1214 3084 1538 3161 ἐστέρημαι·
1581 3085 1818 3162 Σμέρδις
1841 3085 1956 3166 γὰρ

356 3168 481 3242 δὴ’
445 3195 515 3243 ην
540 3169 573 3230 ὅ
604 3169 821 3252 Μάγος,
858 3170 957 3230 τόν
995 3195 1095 3246 μοι
1127 3197 1159 3229 ο
1191 3169 1402 3247 δαίμων
1447 3173 1755 3249 προέφαινε
1790 3177 1849 3232 ἐν
1879 3177 1957 3251 τῇ

354 3249 484 3326 ὄψει
510 3256 1169 3332 ἐπαναστήσεσθαι.τό
1195 3259 1300 3334 μὲν
1325 3258 1456 3334 δή”
1426 3285 1590 3340 εργον
1616 3260 1964 3342 ἐξέργασταί
