2250 3500
339 131 624 214 209-213]
1031 133 1259 186 ΚΔΕῙΩ.
1844 135 1941 184 103

335 190 613 272 ἀπόλοιτο
640 211 711 275 ὥς
733 235 999 291 ταχιστα·
1039 210 1102 277 ὃς
1133 211 1257 273 α’ντῖ
1286 213 1391 289 μὲν
1416 212 1629 274 δούλων
1668 214 1939 290 ἐποίησας

337 300 662 377 ἐλευθέρους
714 300 947 377 Πέρσας
1007 299 1163 372 εἶναι,
1226 299 1349 360 α’ντὶ
1402 301 1462 360 δὲ
1511 299 1789 380 ἄρχεσθαι
1841 299 1937 362 ὖπ

335 385 527 447 ἄλλων
565 385 756 466 ἄρχειν
794 385 1064 448 ἁπάντων.
1155 391 1203 447 εἰ
1244 387 1307 447 δέ
1345 389 1430 452 τίς
1468 414 1557 448 τοι
1586 389 1714 466 ὄψις
1752 387 1935 470 ἀπαγ-

332 475 532 555 γέλλει
555 475 730 534 παῒδα
751 473 851 534 τόν
877 473 1014 552 ε’μὸν
1052 473 1291 551 νεώτερα
1323 475 1617 551 βουλεύειν
1646 477 1775 553 περὶ
1810 478 1931 550 σέο,

333 562 444 642 ἐγώ
486 587 578 622 τοι
617 561 967 640 παραδίδωμι
1007 563 1261 641 χρῆσθαι
1291 561 1439 641 αὐτῷ
1479 567 1647 622 τοῦτο
1686 563 1719 624 ὅ
1758 589 1815 623 τι
1854 565 1933 626 σύ

329 648 624 725 βούλεαι.”
698 648 1032 726 Ὑστάσπης
1078 653 1185 726 μὲν
1234 649 1487 710 τούτοισι
1540 648 1931 730 ἀμειψάμενος,

333 738 428 797 καὶ
473 735 676 814 διαβὰς
726 736 828 797 τᾶν
871 735 1129 815 Ἀράξεα,
1182 737 1272 814 ἤϊε
1314 742 1371 804 ἐς
1413 738 1644 816 Πέρσας
1684 737 1949 814 φυλάξων

333 824 502 904 Κύρῳ
540 824 640 886 τᾶν
677 823 854 884 παῖδα
893 829 1145 901 Δαρεῖον.

413 915 602 992 Κῦρος
643 912 704 974 δὲ
744 911 1038 990 προελθών
1089 912 1205 974 dard
1246 917 1348 974 τοῦ
1386 911 1633 992 Ἀράξεω
1678 913 1889 992 ἧμέρης
1905 917 2019 976 211

329 997 476 1073 ὁδόν,
508 1001 688 1060 ἐποίεε
713 1025 814 1063 τας
847 1000 1102 1077 Κροίσου
1127 998 1425 1077 ν’ποθήκας.
1485 1003 1629 1080 μετοὶ
1654 1002 1715 1062 δὲ
1738 1007 1929 1074 ταῦτα,

331 1086 526 1165 Κίρου
560 1114 625 1148 τε
666 1087 760 1148 καὶ
787 1089 1056 1166 Περσέων
1096 1093 1199 1150 τοῦ
1226 1091 1468 1167 καθαροῦ
1509 1095 1756 1168 στρατοῦ
1796 1089 1929 1152 οἷπε-

327 1173 626 1239 λάσαντος
651 1175 836 1238 ὀπίσω
879 1177 970 1236 ἐπὶ
992 1201 1094 1238 τον
1119 1175 1361 1254 Ἀράξεα
1392 1180 1722 1255 λειφθέντος
1744 1178 1803 1238 δὲ
1828 1183 1930 1239 τοῦ

328 1261 580 1341 ἀχρηιου,
634 1265 958 1325 ἐπελθοῦσα
991 1268 1102 1325 τῶν
1148 1267 1573 1346 Μασσαγετέων
1610 1267 1932 1344 τριτημορὶς

327 1354 432 1410 τοῦ
471 1356 717 1428 στρατοῦ
753 1351 884 1416 τούς
920 1377 984 1412 τε
1021 1353 1358 1430 λειφθέντας
1400 1357 1503 1428 τῆς
1529 1353 1721 1431 Κύρου
1758 1378 1927 1430 στρα-

327 1441 456 1513 τιῆς
507 1438 732 1514 ἐφόνευε
788 1439 1175 1516 ἀλεξομένους,
1244 1440 1337 1499 καὶ
1391 1439 1498 1516 τὴν
1564 1441 1930 1518 προκειμένην

331 1524 540 1589 ἰδόντες
611 1525 774 1587 δαῖτα
848 1524 920 1591 οἷς
993 1525 1366 1606 ἐχειρώσαντο
1442 1525 1573 1592 τούς
1654 1528 1929 1591 ἐναντίους

328 1614 610 1680 κλιθέντες
661 1615 928 1690 δαίνυντο,
981 1615 1368 1693 πληρωθέντες
1428 1614 1489 1676 δὲ
1555 1617 1785 1693 φορβῆς
1837 1615 1931 1676 καὶ

330 1702 495 1783 οἴνου·
527 1700 705 1764 εὗδον·
747 1705 802 1764 οἱ
837 1702 898 1763 δὲ
929 1703 1155 1781 Πέρσαι
1180 1702 1507 1767 ἐπελθόντες
1532 1701 1788 1769 πολλοῦς
1824 1704 1929 1782 μέν

328 1797 522 1868 σφεων
564 1791 894 1869 ἐφόνευσαν,
919 1796 1124 1871 πολλῷ
1148 1792 1195 1852 δ’
1222 1794 1303 1856 ἔτι
1326 1796 1571 1857 πλεῦνας
1606 1792 1929 1875 ἐζώγρησαν

328 1880 422 1940 καὶ
459 1878 674 1943 ἄλλους
712 1880 806 1941 καὶ
838 1879 938 1941 τᾶν
971 1884 1073 1957 τῆς
1106 1882 1411 1958 βασιλείης
1440 1881 1715 1959 Τομύριος
1752 1882 1927 1941 παῖδα

325 1969 744 2049 στρατηγέοντα
786 1969 1229 2049 Μασσαγετέων,
1267 1973 1346 2048 τῷ
1380 1968 1591 2047 οὕνομα
1624 1968 1697 2044 ἦν
1739 1971 1924 2045 Σπαρ-

324 2056 587 2135 γαπίσης.
642 2054 718 2115 Ἠ
745 2056 822 2126 δὲ,
849 2057 1137 2133 πυθομένη
1161 2056 1235 2116 τά
1257 2082 1320 2116 τε
1346 2057 1474 2133 περὶ
1492 2056 1597 2131 τήν
1616 2055 1887 2132 στρατιὴν
1904 2058 2023 2117 212

324 2142 601 2224 γεγονότα
642 2144 736 2203 καὶ
765 2142 838 2205 ‘td
863 2143 991 2221 περὶ
1027 2143 1129 2204 τᾶν
1163 2144 1353 2216 παῖδα,
1382 2144 1687 2219 πέμπουσα
1712 2141 1923 2217 κήρυκα

325 2230 482 2308 παρὰ
509 2234 703 2309 Κῦρον
746 2233 908 2313 ἔλεγε
947 2229 1100 2291 τάδε·
1144 2237 1181 2267 “
1196 2229 1457 2306 ἄπληστε
1493 2230 1726 2305 αἵματος
1752 2233 1923 2306 Κῦρε,

324 2318 500 2394 μηδὲν
527 2319 775 2397 ἐπαρθῇς
796 2323 874 2398 τῷ
897 2317 1155 2401 γεγονότι
1179 2316 1315 2397 τῷδε
1340 2316 1643 2399 πρήγματι,
1676 2320 1724 2376 εἴ
1754 2315 1927 2394 οἷμπε-

325 2405 463 2485 λίνῳ
507 2411 714 2485 καρπῷ,
762 2410 945 2485 τῷπερ
994 2405 1153 2466 αὐτοὶ
1204 2405 1617 2483 ἐμπιπλάμενοι
1659 2406 1928 2484 μαίνεσθε

327 2491 468 2553 οὕτω
511 2493 656 2554 ὥστε
697 2494 982 2557 κατιόντος
1005 2498 1105 2555 τοῦ
1134 2493 1286 2555 οἴνου
1322 2499 1379 2558 ἐς
1415 2495 1483 2555 τό
1524 2497 1693 2572 σῶμα
1728 2500 1927 2556 ἐπανα-

325 2580 534 2642 πλῶειν
557 2580 689 2660 ὖμῖν
727 2584 862 2642 ἔπεα
887 2582 1046 2653 κακοὶ,
1085 2581 1317 2662 τοιούτῳ
1350 2582 1629 2662 φαρμάκῳ
1671 2584 1929 2647 δολώσας

326 2668 638 2746 ἐκράτησας
661 2670 860 2733 παιδός
883 2675 986 2730 τοῦ
1011 2674 1166 2746 ἐμοῦ,
1198 2670 1331 2730 ἀλλ’
1370 2671 1435 2731 οὗ
1475 2671 1633 2750 μάχῃ
1679 2671 1820 2729 κατοὶ
1857 2670 1925 2729 τὰ

326 2757 606 2834 καρτερόν.
689 2762 790 2819 νῦν
832 2756 908 2818 ὧν
951 2783 1058 2835 μευ
1106 2758 1167 2818 εὖ
1209 2759 1617 2835 παραινεούσης
1660 2756 1926 2833 ὖπόλαβε

322 2844 423 2904 τὸν
463 2844 656 2925 λόγον·
698 2844 940 2909 ἀποδούς
981 2871 1079 2922 μοι
1120 2845 1222 2906 τᾶν
1254 2846 1429 2905 παῖδα
1470 2844 1629 2904 ἄπιθι
1660 2848 1721 2901 ἐκ
1755 2843 1931 2919 τῆσδε

321 2935 426 3007 τῆς
462 2932 648 3012 χώρης
683 2932 931 3010 ἀζήμιος,
973 2933 1401 3014 Μασσαγετέων
1441 2930 1787 3009 τριτημορίδι
1827 2932 1928 2989 τοῦ

325 3024 579 3097 στρατοῦ
625 3022 992 3097 κατυβρίσας·
1038 3024 1086 3079 εἰ
1121 3020 1183 3080 δὲ
1220 3019 1300 3096 μὴ
1342 3023 1517 3079 ταῦτα
1544 3018 1619 3077 σύ
1654 3017 1925 3092 ποιήσεις,

275 3163 284 3171 .
322 3104 535 3182 ἥλιον’
509 3107 791 3185 επόμνυμί
801 3133 890 3168 τοι
907 3107 1006 3168 τόν
1020 3107 1449 3187 Μασσαγετέων
1468 3104 1797 3179 δεσπότην’
1761 3130 1797 3179 η
1814 3104 1929 3180 μὴν

243 3236 250 3243 ·
323 3218 398 3254 σε
433 3194 541 3276 ἐγω
578 3196 670 3255 καὶ
705 3194 1053 3271 απληστον’
1027 3194 1190 3255 εόντα
1206 3194 1441 3270 αἵματος
1460 3191 1685 3267 κορέσω.
1688 3189 1719 3209 ”
1776 3195 1889 3249 Κῦ-
1906 3192 2024 3250 213

329 3310 430 3353 ρος
448 3280 556 3358 μέν
580 3306 679 3343 νυν
703 3286 814 3342 τῶν
841 3282 1014 3342 ἐπέων
1039 3280 1237 3341 οὐδένα
1258 3302 1469 3338 τουτων
1509 3275 1927 3357 ανενειχθέντων
