2250 3500
309 120 410 172 1⁰4
916 119 1281 171 ‘HPOAOTOT
1842 120 1915 186 [Ῐ.

309 202 388 278 τῷ
419 201 622 260 ἐωυτοΰ
653 198 812 260 παιδὶ
845 197 1164 278 Καμβύσῃ,
1198 203 1277 279 τῷ
1312 225 1420 277 περ
1462 199 1567 276 τήν
1598 201 1921 276 βασιληΐην

313 287 508 356 ἐδίδου,
549 286 644 345 καὶ
684 286 879 346 πολλὰ
922 286 1303 363 ἐντειλάμενός
1346 289 1400 346 οἶ
1440 291 1609 362 τιμᾶν
1648 313 1713 347 τε
1747 287 1920 350 αὖτόν

313 374 408 432 καὶ
443 372 500 432 εὖ
532 374 740 434 ποιέειν
764 372 834 449 ἢν
858 372 896 450 ἦ
923 373 1190 451 διάβασις
1215 373 1254 450 ἦ
1285 375 1377 434 ἐπὶ
1404 374 1800 456 Μασσαγέτας
1832 374 1921 452 μὴ

312 460 552 540 ὀρθωθῇ,
578 466 754 522 ταῦτα
781 461 1160 539 ἐντειλάμενος
1196 463 1289 522 καὶ
1320 462 1667 527 ἀποστείλας
1689 461 1920 526 τούτους

313 553 368 612 ἐς
393 550 642 627 Πέρσας,
670 549 837 614 αύτός
863 550 1111 626 διέβαινε
1136 549 1235 611 τόν
1260 549 1517 634 ποταμᾷν
1549 551 1644 609 καὶ
1677 550 1709 611 ὅ
1742 577 1918 628 στρα-

217 638 334 697 209
351 635 448 701 τός
489 637 672 699 αὐτοῦ.
756 637 921 698 Ἐπεί
957 663 1021 697 τε
1061 637 1122 696 δὲ
1166 637 1475 715 ἐπεραιώθη
1520 637 1623 698 τὸν
1656 637 1917 714 Ἀράξεα,

310 725 504 790 νυκτός
531 724 895 800 ἐπελθούσης,
931 723 1040 784 εἶδε
1064 722 1197 803 ὄψιν
1224 725 1390 785 εὕδων
1429 730 1489 785 ἐν
1526 729 1637 787 τῶν
1665 731 1917 786 Μασσα-

310 814 514 894 γετέων
550 817 623 892 τῇ
660 811 816 892 χώρῃ
849 810 1084 888 τοιήνδε·
1128 812 1312 872 ἐδόκεε
1336 812 1369 873 ὅ
1396 816 1584 891 Κῦρος
1624 818 1683 873 ἐν
1711 817 1791 892 τῷ
1812 813 1917 874 ὕπ-

313 926 389 980 νῳ
428 900 564 979 ὁρᾶν
602 905 713 960 τῶν
737 898 1092 962 Ὑστάσπεος
1130 900 1342 960 παίδων
1377 899 1478 961 τᾶν
1514 900 1919 978 πρεσβύτατον

315 990 532 1065 ἔχοντα·
555 987 647 1046 ἐπὶ
676 990 788 1046 τῶν
829 986 988 1064 ὤμων
1012 987 1307 1070 πτέρυγας,
1337 988 1429 1048 καὶ
1453 990 1690 1049 τουτέων
1712 993 1786 1067 τῇ
1808 993 1917 1066 μὲν

311 1074 418 1150 τὴν
437 1074 639 1151 Ἀσίην
663 1078 736 1153 τῇ
763 1074 822 1133 δὲ
852 1072 958 1150 τὴν
980 1074 1257 1153 Εὐρώπην
1282 1076 1636 1147 ἐπισκιάζειν.
1710 1076 1917 1138 Ὑστά-

312 1170 450 1221 σπεῖ
490 1162 550 1222 δὲ
592 1166 671 1241 τῷ
711 1160 1024 1240 Ἀρσάμεος
1064 1161 1211 1224 ἐόντι
1252 1163 1414 1242 σῖνδρὶ
1440 1162 1803 1244 Ἀχαιμενίδῃ
1840 1164 1917 1241 ἦν

313 1253 422 1311 τῶν
447 1250 658 1311 παίδων
683 1254 920 1328 Δαρεῖος
944 1249 1357 1328 πρεσβύτατος,
1388 1250 1491 1312 ἐῶν
1527 1252 1659 1312 τότε
1687 1251 1917 1330 ἡλικίην

312 1341 368 1401 ἐς
393 1339 577 1399 εἴκοσί
597 1365 697 1400 κου
720 1337 978 1417 μάλιστα
1006 1340 1149 1398 ἔτεα·
1193 1339 1287 1398 καὶ
1314 1337 1476 1403 οὗτος
1502 1339 1915 1402 καταλέλειπτο

313 1430 374 1487 ἐν
399 1429 684 1508 Πέρσῃσι·
727 1427 792 1488 οὗ
808 1426 936 1509 ,γὰρ
971 1427 1091 1507 εἶχέ
1123 1453 1202 1486 κω
1230 1427 1456 1504 ἡλικίην
1485 1427 1907 1506 στρατεύεσθαι.

313 1516 434 1576 ἐπεὶ
473 1516 547 1579 ὧν
587 1516 656 1593 δὴ
689 1517 947 1598 ἐξεγέρθη
989 1515 1021 1575 ὁ
1056 1519 1260 1592 Κῦρος,
1298 1515 1477 1576 ἐδίδου
1516 1515 1694 1597 λόγον
1734 1521 1917 1598 ἑωυτῷ

311 1605 442 1682 περὶ
490 1609 593 1681 τῆς
631 1603 810 1682 ὄψιος·
858 1603 931 1666 ὥς
975 1602 1037 1661 δέ
1076 1605 1133 1661 οἱ
1185 1601 1366 1662 ἐδόκεε
1409 1602 1635 1685 μεγάλη
1682 1603 1824 1664 εἶναι
1870 1605 1912 1682 ἦ

312 1689 457 1770 ὄψις,
511 1692 761 1755 καλέσας
810 1689 1141 1751 Ὑστάσπεα
1196 1691 1291 1751 καὶ
1341 1691 1655 1769 α’πολαβῶν
1702 1697 1915 1770 μοῦνον

320 1778 461 1838 εἶπε·
519 1778 911 1851 “wa-moves,
953 1781 1087 1842 παῖς
1123 1778 1229 1843 σός
1264 1778 1647 1856 ἐπιβουλεύων
1685 1782 1817 1859 ἐμοί
1848 1808 1914 1843 τε

314 1867 407 1926 καὶ
429 1870 502 1946 τῇ
529 1870 636 1945 ἐμῇ
661 1865 811 1946 σῖρχῇ
837 1866 1064 1926 ἑάλωκε·
1092 1866 1165 1931 οἷς
1189 1868 1249 1927 δὲ
1276 1872 1453 1928 ταῦτα
1477 1868 1744 1945 ἀτρεκέως
1768 1870 1911 1941 οἶδα,

314 1954 425 2037 ἐγῶ
463 1955 744 2033 σημανέω·
803 1960 934 2033 ἐμεῦ
977 1954 1096 2016 θεοὶ
1138 1956 1413 2033 κηδέαται,
1455 1956 1553 2015 καί
1588 1982 1691 2033 μοι
1727 1958 1913 2019 πάντα

311 2042 736 2122 προδεικνύουσι
779 2044 856 2104 τὰ
895 2042 1288 2121 ἐπιφερόμενα·
1341 2043 1449 2120 ἤδη
1486 2042 1560 2103 ὧν
1598 2050 1658 2104 ἐν
1695 2048 1768 2124 τῇ
1806 2071 1912 2105 πα-

310 2134 611 2214 ροιχομένῃ
651 2132 806 2195 νυκτὶ
853 2132 1034 2203 εὕδων,
1071 2131 1219 2192 εἶδον
1257 2135 1369 2192 τῶν
1406 2135 1528 2191 σῶν
1565 2132 1775 2193 παίδων
1812 2133 1915 2194 τὸν

311 2222 710 2299 πρεσβύτατον
749 2221 950 2299 ἔχοντα
997 2221 1089 2280 ε’πὶ
1131 2223 1241 2280 τῶν
1285 2217 1444 2296 ὤμων
1483 2220 1776 2301 πτέρυγας,
1818 2223 1914 2281 καὶ

310 2310 550 2369 τουτέων
596 2314 670 2386 τῇ
713 2310 818 2384 μὲν
859 2308 966 2383 τήν
989 2306 1212 2383 ’Ἀσίην
1262 2311 1335 2385 τῇ
1383 2307 1445 2366 δὲ
1487 2305 1595 2382 τήν
1636 2307 1915 2386 Εὐρώπην

313 2394 670 2465 ἐπισκιάζειν·
711 2392 888 2454 οὔκων
923 2394 1048 2453 ἐστὶ
1076 2394 1305 2474 μηχανὴ
1331 2394 1445 2455 οἷπό
1470 2399 1571 2471 τῆς
1596 2393 1758 2475 ὄψιος
1781 2398 1913 2457 ταύ-

310 2507 412 2557 της
452 2480 696 2557 οὐδεμία,
738 2480 805 2540 τό
837 2481 919 2558 μὴ
955 2485 1136 2542 κεῖνον
1178 2482 1565 2560 ἐπιβουλεύειν
1610 2485 1754 2561 ἐμοί·
1832 2485 1913 2546 σι)

310 2570 496 2630 τοίνυν
532 2566 640 2645 τήν
678 2569 954 2648 ταχίστην
978 2569 1212 2648 πορεύεο
1239 2570 1423 2631 ὀπίσω
1453 2575 1510 2635 ἐς
1535 2573 1783 2650 Πέρσας,
1818 2574 1914 2634 καὶ

311 2657 466 2718 ποίεε
502 2656 642 2721 ὅκως
677 2657 846 2718 ἐπεὰν
884 2658 992 2740 ἐγώ
1029 2658 1163 2718 τάδε
1204 2658 1728 2738 καταστρεψάμενος
1765 2661 1915 2723 ἔλθω

313 2750 440 2820 ἐκεῖ,
491 2746 563 2812 ὥς
611 2772 712 2825 μοι
764 2747 1127 2826 καταστήσῃς
1170 2747 1272 2809 τᾶν
1308 2747 1483 2808 παῖδα
1525 2752 1581 2811 ἐς
1628 2750 1913 2831 ἔλεγχον.”

217 2831 334 2890 210
354 2832 542 2907 Κῦρος
575 2831 680 2906 μὲν
707 2828 908 2889 δοκέων
935 2827 1176 2907 Δαρεῖόν
1216 2832 1269 2888 οἶ
1306 2828 1709 2906 ἐπιβουλεύειν,
1752 2833 1913 2912 ἔλεγε

309 2915 461 2978 τάδε·
516 2921 594 2996 τῷ
643 2916 702 2976 δὲ
750 2915 783 2977 ὁ
829 2916 1038 2994 δαίμων
1088 2917 1413 2993 προέφαινε,
1468 2915 1540 2980 ώς
1590 2915 1756 2981 ouh-de
1806 2923 1914 2995 μὲν

309 3004 666 3079 τελευτήσειν
714 3003 885 3065 αὐτοῦ
935 3003 1110 3081 ταύτῃ
1167 3004 1377 3079 μέλλοι
1424 3002 1465 3078 ἦ
1522 3003 1583 3062 δὲ
1626 3005 1915 3083 βασιληίη

312 3089 484 3149 αὐτοῦ
521 3092 848 3170 περιχωρέοι
889 3096 945 3155 ἐς
981 3093 1236 3165 Δαρεῖον.
1321 3088 1619 3166 ἀμείβεται
1652 3090 1721 3167 δή
1764 3092 1841 3154 ὧν
1879 3097 1915 3155 ὅ

310 3173 643 3253 Ὑστάσπης
667 3177 878 3237 τοῖσδε·
922 3183 957 3213 “
975 3174 1018 3233 ὦ
1049 3176 1319 3251 βασιλεῦ,
1345 3174 1427 3252 μή
1469 3176 1555 3252 εἴη
1594 3176 1736 3256 α’,νήρ
1763 3180 1915 3258 Πέρ-

313 3282 424 3333 σης
469 3262 711 3341 γεγονῶς
759 3262 918 3325 ὅστις
965 3286 1059 3321 τοι
1108 3261 1523 3336 ἐπιβουλεύσει,
1580 3267 1630 3323 εἶ
1680 3264 1728 3323 δ’
1770 3267 1911 3341 ἐστι,
