2250 3500
270 110 367 159 324
882 108 1252 159 ἩΡοΔοϊοί·
1299 83 1312 94 ’
1743 107 1870 172 [IV.

267 189 483 248 πλοίων
511 189 571 246 αἶ
608 182 929 263 Ἀμαζόνες,
958 186 1294 264 ὁδοιπόρεον
1325 191 1381 250 ἐς
1404 185 1510 262 τὴν
1536 188 1879 264 οἰκεομένην·

269 279 603 353 ἐντυχοῦσαι
628 273 688 332 δὲ
714 273 913 353 πρώτῳ
940 275 1326 354 ἱπποφορβίῳ,
1343 279 1514 334 τοῦτο
1540 273 1879 351 διήρπασαν,

270 365 363 422 καὶ
398 364 489 421 ἐπὶ
526 361 735 421 τούτων
764 362 1148 438 ἱππαζόμεναι,
1178 363 1466 438 ἐληίζοντο
1491 362 1562 422 τα
1602 367 1715 422 τῶν
1743 365 1882 427 Σκυ-

177 454 288 512 111
315 452 473 511 θέων.
558 452 633 508 Οἱ
674 449 734 508 δὲ
776 449 987 514 Σκύθαι
1030 475 1132 508 ουκ
1175 451 1328 528 εἶχον
1367 451 1780 527 συμβαλέσθαι
1811 453 1881 512 vd

270 543 530 620 πρῆγμα·
560 536 686 598 οὔτε
710 564 823 619 γαρ
851 536 1061 613 φωνήν,
1081 564 1210 598 ουτε
1235 539 1468 614 ἐσθῆτα,
1486 537 1614 598 οὔτε
1639 565 1705 598 το
1689 538 1884 604 ἔθνος

270 627 592 707 ἐγίνωσκον,
640 625 770 684 ἀλλ’
814 631 873 684 ἐν
926 624 1142 702 θώματι
1193 625 1346 701 ἦσαν
1397 624 1596 685 ὁκόθεν
1644 627 1881 687 ἔλθοιεν·

272 714 492 775 ἐδόκεον
536 713 584 774 δ’
632 713 803 777 αὖτας
846 713 987 773 εἶναι
1034 711 1238 791 ἄνδρας
1281 713 1386 789 τήν
1431 713 1606 790 αυτὴν
1655 713 1884 790 ηλικίην

270 804 516 883 ἔχοντας,
544 802 735 882 μάχην
772 827 837 862 τε
876 801 976 909 8²}a
986 801 1129 878 πρός
1167 828 1338 866 aurae
1379 805 1682 862 ἐποιεῦντο·
1726 806 1788 860 ἐκ
1823 803 1886 862 δὲ

273 897 377 967 τῆς
417 891 606 970 μάχης
648 895 757 950 τῶν
803 894 1009 968 νεκρῶν
1052 889 1368 966 ἐκράτησαν
1409 893 1464 949 οι
1512 888 1742 959 Σκύθαι,
1787 891 1884 950 καὶ

274 980 417 1040 οὕτω
452 982 701 1060 ἔγνωσαν
732 978 935 1040 ἐούσας
968 981 1252 1058 γυναῖκας·
1293 978 1766 1054 βουλευομένοισι
1807 978 1884 1039 ὧν

272 1066 494 1126 αὕτοῖσι
535 1066 687 1134 ἔδοξε
728 1066 957 1124 κτείνειν
994 1068 1099 1141 μὲν
1141 1066 1320 1126 οὐδενὶ
1357 1065 1546 1146 τρόπῳ
1578 1067 1659 1124 ἔτι
1691 1065 1880 1138 αὐτ-αἶς,

275 1157 485 1213 ἑωυτῶν
536 1153 598 1212 δὲ
648 1151 781 1215 τούς
832 1150 1136 1216 νεωτάτους
1189 1153 1529 1232 ἀποπέμψαι
1583 1158 1638 1216 ἐς
1689 1153 1881 1225 αὖτιίς,

270 1242 491 1317 πλῆθος
518 1240 849 1303 εἰκάσαντας
874 1239 1116 1318 ὅσαιπερ
1145 1247 1347 1301 ἐκεῖναι
1369 1240 1538 1318 ἦσαν,
1564 1240 1796 1304 τούτους
1821 1243 1884 1302 δὲ

273 1328 819 1406 στρατοπεδεύεσθαι
842 1330 1093 1406 πλησίον
1120 1330 1379 1399 ἐκεινέων,
1409 1331 1501 1388 καὶ
1537 1329 1748 1389 ποιέειν
1785 1331 1884 1390 τά-

271 1443 379 1495 περ
420 1415 491 1477 ἂν
534 1419 627 1476 καὶ
667 1420 868 1477 ἐκεῖναι
891 1418 1146 1477 ποιέωσι·
1187 1415 1258 1492 ἢν
1298 1417 1360 1476 δὲ
1388 1415 1588 1480 αὗτοῦς
1621 1417 1878 1491 διώκωσι,

273 1505 564 1585 μάχεσθαι
591 1509 695 1583 μὲν
720 1505 819 1583 μὴ,
846 1505 1188 1586 ὖποφεύγειν
1212 1506 1291 1564 δέ·
1333 1503 1502 1565 ἐπεοῖν
1529 1505 1590 1564 δὲ
1623 1505 1883 1566 παύσων-

272 1619 382 1662 ται,
440 1591 710 1656 ἐλθόντας
763 1593 963 1656 αὖτους
1006 1593 1265 1668 πλησίον
1309 1591 1882 1670 στρατοπεδεύεσθαι.

273 1686 451 1741 ταῦτα
472 1680 891 1758 ἐβουλεύσαντο
912 1685 964 1740 οἳ
986 1680 1213 1751 Σκύθαι,
1230 1680 1574 1758 βουλόμενοι
1595 1681 1658 1751 ἐξ
1675 1679 1886 1742 αὐτέων

181 1775 208 1830 1
225 1773 298 1829 12
316 1770 519 1832 παῖδας
544 1769 963 1850 ἐγγενήσεσθαι.
1047 1768 1546 1847 Ἀποπεμφθέντες
1576 1770 1636 1829 δὲ
1671 1796 1725 1829 οι
1761 1796 1886 1846 νεη-

274 1858 475 1927 νίσκοι,
503 1856 723 1916 ἐποίευν
761 1856 833 1916 τοὶ
871 1858 1261 1934 ἐντεταλμένα·
1305 1858 1424 1917 ἐπεὶ
1461 1858 1521 1916 δὲ
1553 1858 1761 1934 ἔμαθον
1786 1858 1885 1917 αὖ-

272 1944 406 2008 τοῦς
431 1947 491 2003 αἱ
529 1943 831 2023 Ἀμαζόνες
868 1942 951 2003 ἐπ’
984 1944 1214 2025 οὐδεμιῇ
1247 1945 1486 2022 δηλήσει
1523 1944 1883 2026 ἀπιγμένους,

278 2035 377 2095 ἔων
410 2034 644 2115 χαίρειν·
687 2036 1079 2114 προσεχώρεον
1116 2034 1178 2093 δὲ
1201 2034 1584 2111 πλησιαιτέρω
1609 2034 1677 2093 τό
1709 2059 1885 2111 στρα-

275 2123 513 2183 τόπεδον
542 2127 619 2202 τῷ
656 2122 1013 2202 στρατοπέδῳ
1046 2122 1132 2183 ἐπ’
1155 2121 1337 2201 ἡμέρῃ
1365 2120 1595 2199 ἑκάστῃ·
1640 2120 1796 2200 εἶχον
1823 2122 1888 2182 δὲ

278 2210 435 2270 οὐδὲν
462 2210 574 2270 οὐδ’
602 2214 656 2271 οἱ
682 2212 979 2287 νεηνίσκοι,
1010 2209 1200 2287 ὥσπερ
1229 2209 1356 2269 οὐδὲ
1387 2212 1445 2268 αἱ
1482 2207 1804 2286 Ἀμαζόνες,
1837 2214 1890 2269 εἲ

276 2299 357 2375 μή
386 2299 459 2358 τοὶ
486 2299 641 2359 ὅπλα
668 2300 759 2357 καὶ
784 2298 915 2362 τούς
942 2298 1162 2361 ἵππους·
1205 2296 1361 2356 ἀλλὰ
1401 2296 1535 2372 ζόην
1576 2297 1743 2367 ἔζωον
1777 2296 1890 2372 τήν

187 2388 297 2445 113
319 2385 493 2461 αὐτὴν
514 2386 769 2463 ἐκείνῃσι,
788 2384 1111 2463 θηρεύοντές
1128 2412 1192 2445 τε
1207 2386 1299 2444 καὶ
1317 2385 1657 2462 ληϊζόμενοι.
1691 2383 1886 2443 Ἐποί-

278 2498 370 2532 ευν
416 2472 475 2531 δὲ
522 2476 581 2531 αἶ
630 2471 951 2550 Ἀμαζόνες
974 2478 1030 2537 ἐς
1080 2472 1186 2549 τὴν
1236 2472 1605 2550 μεσαμβρίην
1646 2471 1886 2531 τοιόνδε·

278 2561 524 2643 ἐγίνοντο
563 2560 844 2637 σποράδες
874 2560 1015 2620 κατὰ
1048 2562 1186 2637 μίαν
1221 2586 1286 2619 τε
1312 2561 1404 2619 καὶ
1430 2558 1546 2629 δύο,
1573 2558 1770 2635 πρόσω
1812 2558 1888 2635 δὴ

278 2647 374 2707 ἀπ’
394 2647 708 2724 ἀλληλέων,
730 2652 784 2711 ἐς
806 2646 1069 2725 εὖμαρίην
1088 2647 1583 2725 ἀποσκιδνάμεναι·
1607 2645 1889 2724 μαθόντες

278 2737 339 2794 δὲ
366 2736 459 2795 καὶ
486 2739 539 2796 οἱ
566 2734 792 2806 Σκύθαι,
822 2736 1039 2795 ἐποίευν
1062 2735 1240 2795 τώυτό
1271 2739 1460 2795 τοῦτο·
1504 2734 1601 2793 καί
1630 2759 1716 2796 τις
1746 2759 1886 2811 μου·

278 2824 583 2882 νωθεισέων
606 2823 716 2883 τινὶ
742 2822 947 2883 αὐτέων
973 2824 1384 2901 ἐνεχρίμπτετο,
1415 2823 1508 2881 καὶ
1546 2821 1585 2897 ἦ
1622 2818 1888 2897 Ἀμαζῶν

278 2908 378 2967 οὐκ
396 2908 694 2979 ἀπωθέετο,
712 2909 867 2968 ἀλλὰ
879 2910 1119 2985 περιεῖδε
1133 2909 1486 2989 χρήσασθαι·
1509 2910 1600 2968 καὶ
1618 2912 1886 2985 φωνῆσαι

280 2997 383 3069 μὲν
414 2995 513 3053 οὔκ
542 2996 675 3074 εἶχε,
705 2996 771 3055 οὐ
796 2997 907 3077 γὰρ
936 2998 1206 3057 συνίεσαν
1231 2996 1516 3072 ἀλλήλων,
1541 2999 1616 3075 ’τῇ
1644 2996 1705 3055 δὲ
1735 2998 1888 3074 χειρὶ

281 3080 537 3154 ἔφραζε’
512 3110 566 3145 ες
588 3109 692 3157 την
715 3083 1015 3161 ὕστεραίην
1041 3085 1279 3144 ἐλθεῖν’
1253 3111 1308 3148 ες
1331 3084 1508 3145 ,τώυτό
1536 3084 1761 3164 χωρίον,
1790 3084 1888 3143 καὶ

282 3164 545 3239 ἕτερον’
508 3194 683 3247 αγειν·
731 3171 1090 3246 σημαίνουσα
1133 3170 1232 3230 δύο
1270 3174 1553 3253 γενέσθαι,
1603 3172 1696 3231 καὶ
1739 3171 1886 3248 αὖτή

284 3249 472 3321 ἑτέρην
522 3252 691 3319 αξειν·
752 3255 785 3312 ὅ
832 3256 893 3313 δὲ
938 3258 1226 3331 νεηνίσκος
1272 3260 1393 3319 ἐπεὶ
1443 3259 1681 3335 ἀπῆλθε,
1725 3258 1885 3328 ἔλεξε
