2250 3500
343 123 630 190 145—148]
807 139 818 148 ‘
997 127 1324 176 E'I'PEPHH.
1847 125 1943 176 181

260 276 268 282 Ι
340 205 437 264 καὶ
471 199 666 268 Πανός
698 229 767 284 γε
801 204 932 281 πέρι
961 203 1064 264 οὔκ
1096 205 1291 283 ἔχουσι
1328 208 1501 266 εἰπεῖν
1536 203 1641 280 ὅκη
1678 203 1947 282 ἐτράπετο

337 291 653 372 γενόμενος.
737 291 885 366 δῆλά
913 317 1014 368 μοι
1045 291 1120 352 ὦν
1160 293 1373 372 γέγονε,
1417 291 1505 351 ὅτι
1544 292 1782 370 ὕστερον
1818 291 1947 352 ε’πύ·

341 380 510 439 θοντο
549 381 604 438 οἶ
643 379 922 454 Ἕλληνες
959 377 1169 440 τούτων
1206 379 1279 438 τοὶ
1326 378 1607 456 οὐνόματα
1646 377 1685 455 ἢ
1723 378 1799 440 τοὶ
1835 383 1947 441 τῶν

340 465 534 527 ἄλλων
561 467 716 538 θεῶν,
744 466 840 526 εἶπ’
868 465 933 526 οὗ
961 467 1022 526 δὲ
1054 466 1325 528 ἐπύθοντο
1361 466 1567 547 χρόνου
1593 465 1705 526 ‹in-6
1742 467 1943 530 τούτου

339 555 775 636 γενεηλογέουσι
801 552 982 615 αὐτῶν
1006 554 1110 631 τήν
1135 556 1377 635 γένεσιν.

423 646 612 701 Ταῦτα
637 643 742 720 μέν
772 667 870 703 νυν
895 641 1054 702 αὐτοὶ
1079 642 1379 724 Αἶγύπτιοι
1411 641 1667 723 λέγουσι·
1708 640 1821 702 ὅσα
1846 642 1905 702 δὲ
1924 643 2038 706 147

343 729 404 788 οἵ
422 755 484 789 τε
511 729 682 790 ἄλλοι
715 730 996 808 ἅνθρωποι
1027 731 1120 790 καὶ
1151 730 1447 812 Αἰγύπτιοι
1478 729 1715 810 λέγουσι
1741 729 1945 806 ὁμολο-

341 817 562 897 γέοντες
584 821 740 878 τοῖσι
765 817 1002 878 ἄλλοισι
1039 843 1182 879 κατα
1217 817 1423 894 ταύτην
1446 816 1553 892 τήν
1586 817 1775 896 χώρην
1798 817 1945 897 γενέ-

344 905 496 975 σθαι,
537 905 690 966 ταῦτ’
729 905 838 982 ἤδη
881 905 1103 984 φράσω·
1170 907 1489 984 προσέσται
1528 904 1593 964 δέ
1628 929 1686 965 τι
1725 903 1947 966 αὐτοῖσι

345 992 438 1050 καὶ
461 996 562 1068 τῆς
589 997 728 1069 ἐμῆς
753 993 928 1071 ὄψιος.

421 1078 918 1157 Ἐλευθερωθέντες
970 1081 1269 1163 Αἰγύπτιοι
1324 1080 1469 1159 μετὰ
1519 1079 1621 1143 τὸν
1673 1081 1795 1159 ἱρέα
1842 1083 1946 1142 τοῦ

341 1165 667 1242 Ἡφαίστου
692 1167 1140 1245 βασιλεύσαντα,
1160 1167 1379 1251 (οὐδένα
1398 1169 1508 1250 γσῖρ
1534 1169 1738 1247 χρόνον
1756 1169 1945 1228 οἷοίτε

342 1253 493 1328 ἦσαν
517 1255 646 1315 ἄνευ
671 1257 951 1332 βασιλέος
977 1257 1341 1337 διαιτᾶσθαι,)
1360 1257 1675 1331 ἐστήσαντο
1702 1256 1943 1314 δυώδεκα

342 1343 640 1418 βασιλέας,
669 1343 912 1404 δυώδεκα
941 1346 1143 1421 μοίρας
1184 1341 1490 1419 δασάμενοι
1521 1345 1809 1423 Αἴγυπτον
1836 1342 1943 1401 πᾶ-

343 1453 475 1489 σαν.
514 1427 665 1491 οὗτοι
683 1433 980 1512 ἐπιγαμίας
995 1430 1367 1508 ποιησάμενοι
1384 1430 1740 1507 ἔβασῦιευον,
1758 1429 1941 1505 νόμοι-

342 1543 410 1577 σι
426 1517 638 1579 τοισίδε
656 1521 976 1598 χρεώμενοι,
991 1519 1138 1598 μήτε
1164 1517 1471 1596 καταιρέειν
1490 1515 1781 1593 ἀλλήλους
1798 1516 1943 1592 μήτε

341 1607 518 1667 πλέον
536 1630 593 1666 τι
613 1606 872 1682 δίζησθαι
893 1608 1038 1686 ἔχειν
1055 1607 1158 1667 τόν
1178 1607 1365 1684 ἕτερον
1381 1609 1485 1666 τοῦ
1510 1605 1697 1682 ἐτέρου
1718 1603 1860 1664 εἶναί
1880 1629 1943 1664 τε

343 1695 546 1771 φίλους
563 1693 636 1754 τοὶ
655 1694 929 1772 μάλιστα·
955 1695 1127 1756 τῶνδε
1154 1695 1213 1755 δὲ
1241 1695 1419 1756 εἵνεκα
1444 1693 1573 1759 τούς
1592 1692 1794 1770 νόμους
1818 1691 1941 1753 τού-

340 1807 468 1846 τους
483 1785 766 1842 ἐποιεῦντο
783 1786 1023 1862 ἰσχυρῶς
1038 1784 1521 1861 περιστέλλοντες·
1548 1782 1815 1861 ε’κέχρητό
1830 1787 1943 1857 σφι

342 1869 458 1931 κατ’
489 1869 668 1949 α’,ρχοὶς
703 1869 900 1930 αὐτίκα
939 1872 1352 1949 ἐνισταμένοισι
1392 1876 1447 1935 ἔς
1480 1870 1582 1934 τοῖς
1619 1871 1987 1948 τυραννίδας“’

343 1956 483 2017 “τόν
506 1958 724 2037 χαλκέῃ
758 1958 942 2039 φιάλῃ
969 1960 1289 2019 σπείσαντα
1326 1956 1504 2017 αὐτῶν
1536 1963 1595 2019 ἐν
1619 1962 1697 2039 τῷ
1722 1961 1818 2037 ἱρῷ
1841 1960 1943 2017 τοῦ

339 2043 681 2121 Ἡφαίστου,
707 2050 906 2107 τοῦτον
946 2046 1175 2122 ἁπάσης
1207 2044 1581 2122 βασιλεύσειν
1606 2043 1943 2123 Αἰγύπτου.”

342 2136 398 2197 ἔς
421 2132 532 2214 γὰρ
561 2132 630 2209 δή
656 2133 730 2194 τὰ
753 2134 938 2194 πάντα
965 2134 1056 2211 {pot
1082 2133 1471 2213 συνελέγοντο.
1548 2132 1665 2189 Καὶ
1697 2130 1765 2205 δή
1792 2136 1904 2205 σφι
1923 2132 2041 2191 148

341 2221 675 2297 μνημόσυνα
718 2222 872 2291 ,ἔδοξε
923 2222 1198 2282 λιπέσθαι
1244 2222 1420 2298 κοινῇ·
1490 2216 1660 2287 δόξαν
1701 2217 1765 2276 δέ
1808 2224 1939 2293 σφι,

343 2308 682 2385 ἐποιήσαντο
709 2309 1056 2387 λαβύρινθον
1084 2308 1281 2388 ὀλίγον
1310 2306 1451 2384 υπέρ
1486 2310 1588 2383 τῆς
1613 2306 1813 2395 λίμνης
1841 2309 1944 2382 τῆς

342 2398 596 2473 Μοίριος
605 2422 746 2457 κατα
787 2388 1177 2475 Κροκοδείλων
1218 2395 1561 2479 καλεομένην
1586 2390 1757 2455 πόλιν
1780 2393 1945 2472 μάλι-

343 2484 457 2544 στά
493 2509 562 2560 κη
603 2486 872 2562 κείμενον·
912 2509 1012 2546 τον
1047 2484 1157 2566 εγῶ
1184 2483 1290 2561 ἤδη
1327 2484 1445 2543 ἴδον
1480 2482 1657 2565 λόγου
1690 2484 1855 2561 μέζω·
1898 2508 1947 2543 ει

340 2571 450 2652 γάρ
477 2590 562 2636 τις
585 2573 658 2633 τοὶ
684 2574 747 2643 ἐξ
769 2572 1060 2649 Ἑλλήνων
1076 2572 1265 2653 τείχεά
1284 2597 1347 2631 τε
1374 2572 1465 2630 καὶ
1493 2572 1665 2653 ἔργων
1686 2570 1947 2641 ἀπόδεξιν

342 2661 774 2742 συλλογίσαιτο,
811 2660 1131 2724 ἐλάσσονος
1164 2660 1340 2721 πόνου
1370 2684 1433 2721 τε
1469 2658 1537 2719 ἂν
1572 2659 1665 2717 καὶ
1700 2658 1947 2733 δαπάνης

343 2749 546 2825 φανείη
575 2749 737 2810 ἐόντα
759 2752 862 2811 τοῦ
888 2749 1237 2826 λαβυρίνθου
1261 2746 1481 2809 τούτου·
1526 2746 1648 2826 (καί
1679 2770 1769 2806 τοι
1799 2744 1947 2816 ἄξιό-

340 2836 514 2917 λογός
536 2862 605 2918 γε
633 2836 725 2895 καὶ
750 2836 784 2897 ὅ
811 2842 870 2897 ἐν
892 2836 1123 2916 Ἐφέσῳ
1151 2835 1275 2896 ἐστὶ
1300 2834 1445 2910 νηός,
1476 2834 1568 2892 καὶ
1593 2832 1627 2893 ὅ
1654 2838 1713 2893 ἐν
1733 2831 1945 2913 Σάμῳ)

340 2920 491 2999 ἦσαν
527 2926 634 3002 μέν
668 2950 766 2985 νυν
805 2925 898 2985 καὶ
933 2928 992 2984 αἶ
1020 2923 1324 3001 πυραμίδες
1359 2920 1539 3002 λόγου
1571 2921 1812 2997 μέζονες,
1856 2920 1949 2978 καὶ

341 3015 576 3072 πολλῶν
603 3012 814 3120 ἑκάστη
842 3012 1046 3073 αὐτέων
1077 3011 1424 3086 Ἑλληνικῶν
1461 3008 1633 3089 ἔργων
1660 3008 1751 3067 καὶ
1776 3006 1945 3087 μεγά-

342 3102 458 3158 λων
483 3099 735 3177 ἀνταξίη·
778 3128 811 3160 ο
839 3101 900 3160 δὲ
925 3100 994 3176 δὴ
1022 3097 1366 3175 λαβύρινθος
1392 3096 1484 3153 καὶ
1509 3095 1609 3158 τοὶς
1632 3094 1946 3172 πυραμίδας

340 3185 716 3263 υπερβοῖλλει.
789 3212 889 3248 του
907 3213 1020 3269 γαρ
1047 3185 1291 3246 δυώδεκα
1312 3184 1419 3260 μέν
1445 3185 1557 3242 εἰσι
1582 3181 1753 3241 αὐλαὶ
1778 3180 1945 3241 κατά,-

343 3296 541 3357 στεγοι
573 3274 874 3337 ἀντίπυλοι
905 3273 1223 3353 ἀλλήλῃσι,
1251 3272 1315 3342 εξ
1350 3272 1455 3349 μὲν
1479 3296 1621 3349 προς
1658 3270 1860 3349 βορέω,
1888 3267 1953 3339 ἓξ
