2250 3500
852 430 1562 505 ‘HPOAOTOY

740 579 1262 651 ἸΣΤΟΡΙΩΝ
1329 582 1662 650 ΤΡΙΤΗ.

1100 752 1302 781 —0—

1047 879 1352 935 ΘΑΛΕῙΑ.

432 972 589 1033 ἘΠῙ
614 975 814 1035 τοῦτον
840 973 909 1051 &J
934 974 1033 1035 τὰν
1059 974 1312 1054 Ἀμασιν
1339 978 1664 1056 Καμβύσης
1694 975 1730 1038 ὅ
1761 974 1952 1055 Κύρου
1980 976 2010 1035 l

347 1060 725 1137 έστρατεύετο,
742 1061 891 1143 ἄγων
912 1064 1005 1122 καὶ
1024 1061 1236 1129 ἄλλους
1253 1069 1364 1125 τῶν
1383 1063 1524 1145 ἦρχε
1544 1067 1636 1125 καὶ
1655 1064 1948 1140 Ἑλλήνων

341 1146 533 1213 Ἴωνάς
568 1174 632 1209 τε
671 1149 765 1209 καὶ
804 1150 1060 1220 Αἰολέας,
1101 1150 1170 1209 δι’
1213 1154 1393 1229 αἰτίην
1431 1152 1669 1229 τοιήνδε·
1717 1153 1947 1230 πέμψας

348 1236 675 1313 Καμβύσης
711 1241 768 1301 ἐς
800 1238 1087 1318 Αἴγυπτον
1122 1238 1350 1315 κήρυκα,
1385 1241 1532 1299 αἴτεε
1560 1238 1815 1316 Ἀμασιν
1853 1240 1947 1301 θυ-

344 1325 573 1403 γατέρα·
614 1325 760 1385 αἴτεε
799 1324 859 1385 δὲ
898 1329 959 1384 ἐκ
995 1327 1356 1402 συμβουλίης
1391 1326 1588 1404 οἷνδρός
1619 1326 1941 1407 Αἰγυπτίου,

345 1410 408 1474 ὃς
445 1412 807 1490 μεμφόμενος
836 1411 1091 1489 Ἀμασιν
1133 1413 1334 1490 ἔπρηξε
1376 1417 1572 1483 ταῦτα,
1613 1412 1701 1472 ὅτι
1744 1438 1842 1489 μιν
1882 1414 1946 1483 ἐξ

344 1497 600 1561 ἁπάντων
639 1504 750 1561 τῶν
791 1506 849 1560 ἐν
890 1499 1156 1581 Αἰγύπτῳ
1201 1504 1401 1577 ἰητρῶν
1443 1499 1790 1565 ἀποσπάσας
1828 1498 1942 1560 α’,πό

344 1587 602 1666 γυναικός
643 1613 706 1671 τε
748 1589 841 1647 καὶ
882 1589 1101 1660 τέκνων,
1147 1587 1372 1648 ἔκδοτον
1414 1589 1646 1664 ἐποίησε
1693 1592 1748 1651 ἐς
1794 1586 1940 1665 Πέρ-

346 1699 468 1745 σας,
496 1675 589 1735 ὅτε
620 1679 808 1754 Κῦρος
842 1676 1069 1755 πέμψας
1097 1676 1254 1754 παρὰ
1282 1674 1536 1754 Ἄμασιν
1571 1676 1720 1737 αἴτεε
1757 1673 1944 1754 ἰητρόν

345 1761 661 1842 ὀφθαλμῶν
676 1763 739 1828 ὃς
764 1765 849 1840 εἴη
870 1763 1101 1841 ἄριστος
1124 1769 1246 1850 τῶν.
1263 1770 1322 1825 ἐν
1348 1764 1631 1846 Αἰγύπτῳ·
1663 1769 1842 1826 ταῦτα
1865 1764 1936 1840 δή

346 1851 797 1929 ἐπιμεμφόμενος
841 1851 874 1912 ὅ
921 1852 1244 1934 Αἰγύπτιος,
1287 1857 1450 1934 ἐνῆγε
1494 1857 1568 1932 τῇ
1612 1854 1941 1932 συμβουλίῃ

345 1939 581 2000 κελεύων
620 1941 817 2001 αἰτέειν
854 1940 954 2001 τᾶν
995 1941 1326 2018 Καμβύσεα
1353 1939 1608 2017 Ἄμασιν
1643 1940 1940 2021 θυγατέρα·

346 2025 437 2086 ἵνα
469 2025 507 2102 ἢ
538 2027 667 2091 δούς
700 2026 917 2106 ἀνιῷτο,
945 2026 982 2103 ἢ
1013 2027 1093 2105 μή
1122 2026 1251 2090 δούς
1286 2027 1582 2105 Καμβύσῃ
1614 2026 1940 2104 ἀπέχθοιτο·

344 2112 377 2173 ὅ
419 2114 479 2173 δὲ
510 2113 777 2190 Ἀμασις,
809 2118 879 2194 τῇ
917 2114 1144 2191 δυνάμει
1181 2118 1291 2174 τῶν
1327 2113 1595 2190 Περσέων
1631 2111 1942 2190 ἀχθόμενος

345 2201 437 2261 καὶ
462 2201 760 2279 α’ρρωδέων,
783 2202 882 2262 οὐκ
904 2201 1021 2281 εἶχε
1048 2200 1176 2262 οὔτε
1201 2200 1391 2260 δοῦναι
1417 2199 1544 2259 οὔτε
1564 2198 1940 2277 ἀρνήσασθαι·

346 2288 406 2348 εὖ
445 2290 557 2370 γοῖρ
598 2289 879 2365 ἠπίστατο
927 2289 1015 2350 ὅτι
1061 2288 1162 2349 ούκ
1212 2287 1282 2351 ὥς
1319 2286 1554 2370 γυναῖκά
1599 2313 1697 2364 μιν
1739 2287 1942 2363 ἔμελλε

346 2377 673 2454 Καμβύσης
698 2379 838 2449 ἕξειν
862 2377 993 2438 ἀλλ’
1022 2377 1093 2442 ὥς
1117 2376 1438 2452 παλλακήν·
1480 2380 1655 2437 ταῦτα
1685 2375 1754 2451 δή
1781 2380 1938 2436 ε’κλο-

341 2465 647 2546 γιζόμενος,
686 2467 917 2542 ε’ποίησε
950 2465 1101 2526 τάδε·
1143 2463 1214 2541 ἦν
1247 2464 1488 2543 Ἀπρίεω
1526 2469 1626 2524 τοῦ
1667 2465 1942 2542 προτέρου

342 2553 621 2626 βασιλέος
672 2554 917 2636 θυγάτηρ
962 2553 1138 2631 κάρτα
1187 2552 1412 2634 μεγάλη
1456 2579 1520 2614 τε
1571 2554 1663 2612 καὶ
1715 2551 1938 2628 εὐειδής,

341 2640 523 2718 μούνη
544 2645 646 2701 τοῦ
674 2643 827 2702 οἴκου
858 2643 1217 2719 λελειμμένη·
1259 2639 1468 2718 οὔνομα
1494 2641 1557 2699 δέ
1588 2643 1642 2698 οἱ
1667 2637 1738 2714 ἦν
1765 2640 1936 2750 Nil-²7-

341 2752 443 2790 τις·
482 2728 689 2806 ταύτην
722 2730 791 2805 δή
816 2729 921 2806 τὴν
955 2729 1198 2790 παῖδα“
1167 2756 1198 2788 ο
1228 2727 1480 2804 Ἄμασις
1514 2725 1813 2801 κοσμήσας
1845 2730 1936 2784 ε’σ-

342 2815 479 2891 θῆτί
495 2843 559 2877 τε
582 2818 679 2876 καὶ
701 2823 912 2896 χρυσῷ,
940 2816 1259 2894 άποπέμπει
1291 2820 1346 2878 ἐς
1379 2814 1610 2890 Πέρσας
1643 2811 1714 2875 ὥς
1741 2815 1940 2871 ἑωυτου

341 2904 637 2985 θυγατέρα·
669 2931 812 2983 μετα
838 2905 897 2965 δὲ
916 2904 1120 2984 χρόνον
1141 2903 1211 2966 ὥς
1235 2927 1332 2979 μιν
1350 2899 1637 2978 ἠσπάζετο
1662 2895 1940 2984 πατρόθεν

332 2991 673 3069 ούνομάζων,
702 2993 857 3074 λέγει
890 2991 1033 3069 πρὸς
1066 2991 1235 3050 αὐτον
1267 2989 1302 3064 ἦ
1335 2991 1486 3050 παῖς·
1549 2986 1626 3044 (ὦ
1666 2979 1934 3062 βασιλεῦ,

338 3078 861 3158 διαβεβλημένοςε
826 3106 937 3140 υπο
975 3079 1251 3156 Ἀμάσιος
1293 3076 1356 3136 οὗ
1391 3073 1703 3154 μανθάνεις,
1735 3073 1798 3137 ὃς
1839 3073 1940 3149 ἐμέ

339 3191 439 3227 σοι
475 3169 671 3248 κόσμῳ
694 3168 953 3243 ἀσκήσας
988 3166 1285 3243 ἀπέπεμψε
1321 3163 1392 3227 ὥς
1428 3166 1627 3223 ἑωυτοῦ
1661 3161 1938 3243 θυγατέρα

340 3254 573 3319 &Saus-⁸
548 3261 751 3317 εοῦσαν
772 3259 846 3335 ‘rh'
870 3255 1113 3331 άληθηιη
1138 3252 1395 3330 Ἀπριεω·
1426 3276 1528 3312 τον
1547 3253 1751 3314 ἐκεῖνος
1777 3248 1938 3310 ε’όντα
