2250 3500
192 673 230 737 7

184 1990 224 2047 8

27 3413 238 3469 ᾳ

257 162 287 208 4
829 159 1195 210 ἫΡοΔοΤοΤ
1506 145 1519 158 “
1778 159 1847 222 [1.

255 236 384 301 τοῦς
405 242 464 298 ἐν
480 241 553 317 τῇ
576 237 764 318 Ἀσίῃ·
799 241 1005 318 φίλους
1035 239 1095 298 δὲ
1113 238 1573 317 προσεποιήσατο
1592 239 1855 301 Λακεδαι-

256 325 526 406 μονίους.)
580 325 691 404 πρό
710 328 768 388 δὲ
783 332 885 406 τῆς
903 328 1159 405 Κροίσου
1180 325 1356 406 α’ρχῆς
1370 325 1856 403 πάντεςἝλληνες

256 409 407 487 ἦσαν
427 413 725 492 ἐλεύθεροι·
757 414 825 476 τὰ
850 414 960 498 γοῖρ
979 415 1303 491 Κιμμερίων
1323 413 1644 492 στράτευμα
1669 413 1737 475 τὰ
1764 417 1855 474 ἐπὶ

253 497 359 574 τήν
391 498 603 578 Ἰωνίην
640 501 991 580 α’πικόμενον,
1026 503 1285 580 Κροίσου
1322 500 1416 562 ἑδν
1450 501 1853 579 πρεσβύτερον,

255 585 322 646 ού
350 589 718 668 καταστροφὴ
753 592 969 673 ἐγένετο
994 594 1104 650 τῶν
1130 590 1358 661 πολίων,
1386 587 1518 676 ἀλλ’
1548 591 1610 660 ἐξ
1641 590 1855 667 ἐπιδρο-

258 678 370 751 μῆς
395 675 642 759 ἁρπαγή.
715 679 790 738 Ἡ
819 680 878 739 δὲ
903 678 1173 760 ἡγεμονίη
1202 677 1341 738 οὕτω
1366 679 1652 756 περιῆλθε,
1681 683 1855 738 ἐοῦσα

253 761 674 841 ’ῌρακλειδέωη
705 771 760 830 ἐς
793 765 860 826 τό
891 767 1050 848 γένος
1084 765 1153 826 τὸ
1185 766 1459 843 Κροίσου,
1488 766 1855 842 καλεομένους

255 849 317 910 δὲ
369 853 722 928 Μερμνάδας.
803 851 875 928 ἦν
927 851 1278 928 Κανδαύλης,
1326 850 1429 911 τᾶν
1482 856 1535 912 οἱ
1576 852 1855 930 ’Έλληνες

254 941 557 1014 Μυρσίλον
592 938 948 1017 ὀνομάζουσι,
982 939 1247 1016 τύραννος
1279 933 1541 1016 Σαρδίων,
1577 938 1855 1020 ἀπόγονος

254 1024 317 1084 δὲ
340 1024 608 1084 Ἀλκαίου
627 1032 729 1087 τοῦ
746 1027 1075 1105 Ἡρακλέος.
1093 1101 1096 1104 ἢ
1125 1025 1350 1107 ’Ἀγρων
1369 1029 1472 1104 μὲν
1490 1025 1601 1107 γαῖρ
1623 1026 1656 1086 ὅ
1675 1027 1853 1087 Νίνου

252 1116 353 1172 τοῦ
375 1112 568 1188 Βήλου
587 1120 690 1174 τοῦ
714 1114 981 1174 Ἀλκαίου
1007 1119 1227 1191 πρῶτος
1251 1113 1656 1191 Ἡρακλειδέων
1680 1115 1851 1190 βασι-

252 1199 385 1264 λεῦς
438 1201 653 1282 ἐγένετο
709 1203 971 1279 Σαρδίων,
1023 1201 1357 1277 Κανδαύλης
1410 1201 1471 1260 δὲ
1521 1200 1556 1262 ὅ
1610 1200 1852 1279 Μύρσου

250 1285 509 1351 ὕστατος·
559 1292 613 1349 οἶ
661 1289 720 1349 δὲ
765 1289 1036 1366 πρότερον
1071 1287 1357 1370 Ἄγρωνος
1402 1287 1852 1365 βασιλεύσαντες

253 1374 458 1450 ταύτης
484 1381 583 1452 τῆς
609 1377 793 1456 χώρης
817 1377 967 1454 ἦσαν
993 1375 1263 1457 άπόγονοι
1287 1375 1473 1436 Λυδοῦ
1497 1381 1599 1437 τοῦ
1624 1375 1848 1442 ''Amos-

251 1461 367 1522 ἅπὸ
393 1467 493 1522 τοῦ
510 1464 542 1524 ὅ
559 1465 734 1543 δῆμος
752 1465 954 1528 Λύδιος
974 1465 1186 1540 ε’κλήθη
1203 1463 1235 1525 ὅ
1250 1469 1361 1529 πᾶς
1387 1462 1563 1535 οὗτος,
1580 1465 1851 1543 πρότερον

251 1549 430 1629 Μῄων
464 1552 816 1630 καλεόμενος.
897 1551 1052 1628 παραῖ
1089 1551 1301 1612 τούτων
1333 1551 1696 1628 Ἡρακλεῖδαι
1736 1557 1851 1610 ε’πι-

250 1638 592 1714 τραφθέντες
612 1641 783 1719 ἔσχον
795 1638 900 1715 τήν
917 1638 1099 1717 α’ρχήν
1116 1643 1178 1698 ἐκ
1199 1639 1551 1716 θεοπροπίου,
1571 1643 1633 1698 ἐκ
1649 1637 1851 1715 δούλης

247 1751 314 1785 τε
343 1729 445 1802 τῆς
476 1724 764 1803 Ἰαρδάνου
793 1725 1084 1808 γεγονότες
1116 1726 1209 1785 καὶ
1233 1725 1559 1802 Ἡρακλέος,
1589 1723 1851 1803 ἄρξαντες

249 1813 357 1889 μὲν
389 1812 481 1871 ε’πὶ
513 1812 611 1871 δύο
641 1838 704 1873 τε
737 1815 829 1873 καὶ
857 1814 1035 1872 εἴκοσι
1064 1811 1259 1893 γενεᾶς
1284 1812 1510 1890 ἀνδρῶν,
1541 1814 1663 1872 ἔτεα
1687 1812 1851 1874 πέντε

247 1925 315 1959 τε
354 1898 447 1958 καὶ
485 1900 844 1972 πεντακόσια,
882 1904 1014 1965 παῖς
1052 1899 1208 1978 παραὶ
1247 1899 1461 1977 πατρὸς
1500 1900 1852 1978 ἐκδεκόμενος

250 1986 355 2063 τήν
381 1986 562 2066 οἷρχήν
587 1988 757 2067 μέχρι
782 1987 1122 2048 Κανδαύλεω
1148 1992 1249 2048 τοῦ
1276 1987 1536 2071 Μύρσου·
1572 1985 1754 2052 Οὗτος
1778 1987 1848 2065 δὴ

248 2072 325 2135 ὦν
367 2074 401 2134 ὅ
439 2074 774 2153 Κανδαύλης
796 2074 1022 2153 ἠράσθη
1056 2080 1160 2151 τῆς
1187 2079 1389 2137 ἑωυτοῦ
1413 2073 1688 2157 γυναικός·
1727 2080 1846 2154 ε’ρα·

249 2164 407 2227 σθεὶς
447 2163 521 2234 δὲ,
565 2163 784 2241 ἐνόμιζέ
822 2167 876 2225 οἶ
917 2162 1056 2226 εἶναι
1093 2168 1330 2247 γυναῖκα
1367 2163 1590 2225 πολλόν
1622 2165 1850 2225 πασέων

250 2252 587 2327 καλλίστην·
629 2252 776 2313 ὥστε
812 2253 872 2311 δὲ
906 2257 1081 2313 ταῦτα
1119 2254 1370 2327 νομίζων,
1402 2251 1473 2327 ἦν
1505 2251 1616 2334 γάρ
1649 2256 1703 2311 οἱ
1739 2255 1850 2313 τῶν

249 2338 618 2416 αἰχμοφόρων
627 2338 811 2418 Γύγης
827 2338 859 2398 ὅ
868 2338 1175 2398 Δασκύλου
1188 2338 1561 2414 ἀρεσκόμενος
1574 2338 1846 2413 μάλιστα,

247 2423 428 2502 τούτῳ
451 2423 552 2504 [τῷ
570 2423 749 2504 Γύγῃ]
773 2424 866 2483 καὶ
890 2424 963 2483 ταῖ
989 2423 1435 2500 σπουδαιέστερα
1458 2427 1569 2484 τῶν
1593 2424 1849 2505 πρηγμά-

247 2536 359 2571 των
392 2510 746 2588 ύπερετίθετο
783 2509 816 2571 ὅ
851 2510 1202 2588 Κανδαύλης,
1236 2512 1329 2569 καὶ
1368 2508 1438 2586 δή
1471 2511 1563 2569 καὶ
1600 2510 1667 2570 τό
1708 2512 1851 2576 εἶδος

248 2603 351 2675 τῆς
388 2598 647 2679 γυναικός
684 2597 1105 2676 ύπερεπαινέων·
1154 2598 1361 2677 χρόνου
1407 2597 1468 2657 δὲ
1514 2595 1579 2659 ού
1624 2602 1849 2659 πολλοῦ

252 2684 584 2755 διελθόντος,
628 2688 794 2767 (χρῆν
832 2686 945 2767 γαῖρ
985 2686 1292 2764 Κανδαύλῃ
1327 2684 1591 2767 γενέσθαι
1632 2686 1849 2769 κακῶς,)

252 2775 412 2854 ἔλεγε
450 2773 592 2851 πρὸς
631 2772 732 2833 τόν
773 2773 961 2855 Γύγην
1001 2772 1287 2845 τοιάδε·,“
1303 2772 1475 2855 Γύγη,
1518 2772 1583 2833 ού
1624 2773 1734 2855 γάρ
1778 2799 1849 2835 σε

251 2860 422 2921 δοκέω
463 2861 764 2921 πείθεσθαί
804 2887 904 2938 μοι
949 2862 1176 2943 λέγοντι
1221 2861 1349 2939 περὶ
1388 2864 1491 2922 τοῦ
1538 2862 1705 2925 εἴδεος
1749 2866 1851 2938 τῆς

249 2948 525 3028 γυναικός·
553 2948 692 3031 (ὦτα,
724 2948 834 3031 γάρ
868 2949 1133 3030 τυγχάνει
1158 2948 1502 3027 ἀνθρώποισι
1530 2949 1690 3010 ε’όντα
1723 2948 1849 3009 ’άπι-

253 3033 495 3111 στότερα
515 3035 874 3116 ὀφθαλμῶν)
894 3038 1048 3096 ποίεε
1068 3036 1207 3101 ὅκως
1229 3038 1438 3114 ἐκείνην
1465 3036 1692 3114 θεήσεαι
1710 3063 1849 3119 γυμ-

250 3118 403 3195 νήν·”
457 3121 491 3181 ὅ
537 3124 596 3183 δὲ
641 3125 790 3205 μέγα
837 3123 1116 3201 α’μβῶσας
1163 3123 1301 3185 εἶπε·
1350 3126 1678 3197 σ’Δέσποτα,
1725 3128 1851 3185 τίνα

251 3206 435 3286 λέγεις
474 3209 651 3290 λόγον
692 3211 791 3271 ούκ
832 3210 991 3292 ὖγιέα
1028 3211 1266 3272 κελεύων
1304 3238 1377 3291 με
1412 3213 1709 3274 δέσποιναν
1746 3211 1850 3287 τήν

257 3292 410 3377 ἐμήνὁ
431 3292 747 3370 θεήσασθαι
781 3297 1034 3377 γυμνήν;
1077 3298 1195 3377 ἅμα,
1232 3299 1291 3360 δὲ
1326 3300 1511 3363 κιθῶνι
1546 3298 1851 3376 ἐκδυομένῳ
