2250 3500
447 135 660 200 12—16]
1148 137 1369 189 xmo.
2008 147 2043 194 τ

437 213 786 293 χρηστήριον
825 216 917 275 καὶ
958 217 1337 294 ἐβασίλευσεν
1376 215 1519 276 οὕτω
1562 215 1767 328 Γύγης·
1806 215 2043 278 τοσόνδε

435 303 628 378 μέντοι
661 302 782 362 εἶπε
813 301 853 380 ἤ
889 304 1094 379 Πυθίη,
1123 303 1197 366 ὥς
1224 303 1631 382 Ηρακλείδῃσι
1654 305 1805 367 τίσις
1832 303 1955 380 ἥξει
1987 309 2045 370 ές

435 389 540 450 τόν
583 391 841 469 πέμπτον
887 389 1169 478 ἀπόγονον
1216 389 1423 470 Γύγεω.
1502 389 1703 451 τούτου
1740 395 1843 450 τοῦ
1884 393 2043 458 ἔπεος

437 477 618 538 Λυδοί
642 503 709 539 τε
744 477 837 538 καὶ
874 481 928 538 οἶ
960 465 1237 554 βασιλέες
1262 477 1441 538 αὐτων
1466 478 1641 560 λόγον
1668 477 1919 540 ούδένα’
1892 505 2041 541 εποι-

439 568 617 636 εὓντο,
644 565 778 643 πρὶν
802 563 872 641 δή
899 566 1261 642 ἐπετελέσθη.

517 653 636 728 Τήν
664 655 770 730 μὲν
802 651 870 728 δὴ
897 653 1194 730 τυραννίδα
1226 651 1369 713 οὕτω
1402 654 1575 733 ἔσχον
1600 657 1655 714 οἶ
1687 655 2034 734 Μερμνάδαι,
2058 659 2133 716 14

435 765 568 803 τους
589 739 961 818 ’Ἡρακλείδας
985 739 1343 818 ἀπελόμενοι·
1378 741 1561 821 Γύγης
1586 741 1647 800 δὲ
1671 743 2041 818 τυραννεύσας

438 825 733 907 ἀπέπεμψε
769 827 1100 905 ἀναθήματα
1138 832 1195 892 ἔς
1230 827 1497 904 Δελφους
1535 854 1635 888 ουκ
1676 827 1865 910 ὀλίγα·
1905 829 2037 890 ἀλλ’

438 911 551 974 ὅσα
573 917 678 992 μὲν
695 914 940 997 αργύρου
967 913 1349 992 αναθήματα”
1318 941 1443 976 εστι
1469 942 1523 976 οι
1504 918 1841 976 ’πλεῖστα’
1814 942 1873 976 εν
1893 921 2037 976 Δελ-

437 1006 620 1080 φοῖσι,
641 1003 824 1082 πάρεξ
847 1003 906 1063 δε
924 1007 1026 1064 τοῦ
1054 1001 1316 1085 ιῖργύρου,
1336 1003 1553 1083 χρυσὸν
1566 1003 1823 1066 Επλετον
1842 1003 2035 1082 ανέθη-

435 1114 543 1161 κεν,
571 1089 754 1153 ἄλλον
783 1116 849 1152 τε
880 1091 974 1150 καὶ
998 1090 1124 1171 (τοῦ
1154 1090 1413 1167 μα’λιστα
1446 1090 1671 1170 μνήμην
1703 1088 1859 1162 ἄξιον
1889 1093 2033 1172 ἔχειν

434 1178 582 1257 ἐστὶ)
623 1179 890 1256 κρητῆρές
930 1180 986 1238 οἶ
1036 1176 1281 1254 α’ριθμον
1330 1179 1395 1249 ἓξ
1430 1179 1666 1258 χρύσεοι
1716 1177 2031 1240 ανακέαται·

432 1289 637 1326 εστασι
669 1266 730 1326 δὲ
754 1263 909 1326 οὗτοι
940 1269 1000 1326 έν
1020 1269 1100 1344 τῷ
1132 1266 1443 1342 Κορινθίων
1468 1267 1747 1346 θησαυρῷ,
1774 1265 2033 1344 σταθμὸν

354 1382 363 1389 ·
434 1351 654 1429 ἔχοντες
669 1353 964 1430 τριήκοντα
974 1351 1247 1414 τάλαντα·
1274 1353 1477 1430 ἀληθέῖ
1492 1354 1551 1412 δὲ
1570 1354 1723 1436 λόγῳ
1740 1355 2033 1434 χρεωμένῳ

434 1437 502 1497 ού
527 1441 835 1515 Κορινθίων
861 1443 962 1501 τοῦ
999 1440 1277 1517 δημοσίου
1312 1441 1467 1502 ἐστὶν
1492 1441 1525 1501 ὁ
1560 1441 1844 1517 θησαυρός
1876 1440 2031 1501 ἀλλὰ

433 1528 706 1606 Κυψέλου
733 1531 837 1588 τοῦ
857 1526 1169 1594 Ἠετίωνος.
1254 1524 1417 1594 οὗτος
1446 1528 1509 1588 δὲ
1536 1527 1571 1588 ό
1602 1527 1787 1608 Γύγης
1816 1531 2033 1605 πρῶτος

429 1612 744 1692 βαρβάρων
791 1619 904 1677 τῶν
951 1614 1113 1692 ἡμεῖς
1162 1615 1321 1694 ἴδμεν
1368 1620 1427 1680 ές
1478 1614 1745 1691 Δελφούς
1796 1614 2029 1692 ἀνέθηκε

430 1699 760 1781 ἀναθήματα
796 1701 942 1781 μετὰ
979 1703 1173 1780 Μίδην
1203 1703 1306 1765 τὸν
1342 1703 1600 1781 Γορδίεω,
1641 1703 1883 1785 Φρυγίης
1919 1704 2030 1781 βα-

429 1792 624 1851 σιλέω·
656 1790 891 1868 σῖνέθηκε
933 1790 1048 1873 γὰρ
1085 1791 1156 1868 δὴ
1202 1792 1295 1852 καὶ
1338 1793 1549 1870 Μίδηςι
1569 1791 1673 1854 τᾶν
1709 1792 2025 1869 βασιλήϊον

430 1877 630 1953 θρόνον
654 1885 710 1943 ἐς
739 1878 843 1941 τᾶν
865 1880 1212 1957 προκατίζων
1237 1881 1463 1953 ἐδίκαζε,
1492 1879 1657 1941 ε’όντα
1680 1880 2023 1957 ἀξιοθέητον·

429 1968 605 2025 κεῖται
628 1966 690 2026 δὲ
714 1966 748 2028 ὁ
773 1966 972 2045 θρόνος
995 1965 1158 2031 οὗτος
1182 1966 1318 2030 ἔνθα
1341 1994 1449 2045 περ
1474 1970 1529 2028 οἱ
1552 1971 1655 2027 τοῦ
1679 1966 1869 2050 Γύγεω
1895 1992 2025 2046 κρη-

425 2056 608 2129 τῆρες.
661 2080 696 2115 ο
723 2055 784 2115 δὲ
804 2080 1021 2135 χρυσος
1046 2053 1209 2123 οὗτος
1232 2057 1325 2117 καὶ
1345 2083 1377 2116 ο
1398 2080 1639 2138 αργυρος
1663 2054 1765 2115 τὸν
1783 2082 1816 2115 o
1800 2054 2022 2136 Τύγης

428 2138 676 2216 ανέθηκε,
721 2140 832 2203 ύπο
882 2146 1129 2221 Δελφων
1173 2143 1433 2203 καλέεται
1476 2141 1731 2221 Γυγαδας
1777 2142 1869 2200 ε’πὶ
1916 2146 2019 2201 τοῦ

428 2218 774 2293 ἅναθέντος’
747 2231 1075 2307 επωνυμίην.
1115 2231 1367 2305 ἐσέβαλε
1388 2229 1493 2305 μέν
1513 2253 1611 2287 νυν
1634 2251 1907 2303 στρατιην
1932 2229 2025 2288 καὶ

428 2338 604 2385 ουτος,
631 2318 756 2377 ε’πεί
779 2341 843 2378 τε
873 2316 1083 2395 ἦρξε,”
1053 2343 1107 2382 ες
1131 2342 1198 2378 τε
1232 2318 1497 2393 Μίλητον
1520 2316 1614 2375 καὶ
1649 2319 1706 2379 ἐς
1744 2313 2021 2393 Σμύρνην,

427 2403 519 2462 καὶ
542 2407 893 2481 Κολοφῶνος
920 2430 988 2467 το
1015 2428 1163 2467 αστυ
1194 2404 1329 2465 εἷλε.
1395 2402 1528 2464 ἄλλ’
1552 2402 1711 2464 ούδεν
1732 2431 1844 2486 γαρ
1871 2405 2021 2487 μέγα

425 2490 586 2571 ἔργον
616 2490 712 2553 ἀπ’
747 2492 918 2553 αὐτοῦ
953 2490 1104 2553 ἄλλο
1140 2494 1357 2574 ἐγένετο
1392 2491 1849 2568 βασιλεύσαντος
1882 2492 2025 2552 δυῶν

424 2576 620 2639 δέοντα
663 2578 1079 2656 τεσσεράκοντα
1123 2581 1263 2649 ἔτεα,
1302 2582 1502 2641 τοῦτον
1545 2582 1653 2657 μὲν
1689 2580 2023 2657 παρήσομεν

421 2670 674 2727 τοσαῦτα
699 2668 1146 2745 ἐπιμνησθέντες,
1168 2665 1407 2744 ’Ἄρδυος
1434 2668 1495 2727 δὲ
1518 2670 1620 2727 τοῦ
1656 2666 1845 2749 Γύγεω
1874 2665 2017 2744 μετὰ
2040 2666 2115 2725 15

421 2751 610 2833 Γύγην
645 2754 1101 2831 βασιλεύσαντος
1135 2754 1361 2832 μνήμην
1392 2753 1723 2833 ποιήσομαι·
1766 2751 1934 2816 οὗτος·
1960 2752 2021 2812 δὲ

421 2842 701 2917 Πριηνέας
716 2867 782 2903 τε
805 2840 938 2912 εἷλε,
960 2847 1016 2906 ἐς
1038 2841 1304 2918 Μίλητόν
1320 2867 1383 2902 τε
1404 2843 1672 2918 ε’σέβαλε·
1704 2842 1796 2899 ε’πὶ
1813 2839 2045 2899 τούτου

419 2949 484 2985 τε
515 2928 935 3005 τυραννεύοντος
970 2929 1236 3005 Σαρδίων,
1265 2931 1570 3007 Κιμμέριοι
1600 2928 1665 2996 ἐξ
1690 2926 1870 3003 ἠθέων
1902 2923 2015 2986 ύπὸ

421 3015 676 3079 Σκυθέων
716 3040 828 3077 των
867 3016 1148 3093 Νομάδων
1191 3017 1607 3086 ε’ξανασταντες,
1650 3012 1916 3073 ἀπικέατο
1958 3018 2015 3077 ἐς

417 3100 526 3208 τήν
547 3102 764 3181 Ἀσίην,
793 3103 886 3163 καὶ
912 3103 1116 3179 Σάρδις
1139 3103 1295 3179 πλήν
1317 3106 1420 3178 τῆς
1444 3100 1785 3177 ἀκροπόλιος
1811 3100 1983 3160 εἶλον.

489 3188 730 3266 Ἀρδυος
755 3191 816 3249 δε
831 3188 1341 3267 βασιλεύσαντος”
1314 3188 1433 3250 ενός
1458 3188 1653 3245 δέοντα
1672 3186 2015 3261 πεντήκοντα
2034 3186 2111 3244 16

418 3276 546 3337 ἔτεα
569 3276 853 3346 ἐξεδέξατο
883 3273 1237 3351 Σαρδυάττης
1262 3273 1295 3333 ὅ
1317 3271 1572 3348 Ἄρδυος,
1602 3273 1694 3331 καὶ
1718 3272 2017 3347 ε’βασῶευ-
