2250 3500
344 124 563 192 49--52J
1000 130 1272 182 eumn.
1845 136 1946 186 22⁵

342 210 447 287 μὲν
484 208 874 288 πρεσβύτερος
908 208 1089 271 αὖτῶν
1120 215 1179 272 ἐν
1215 211 1396 273 οὐδενὶ
1428 211 1582 294 λόγῳ
1618 213 1946 291 ἐποιήσατο·

344 296 379 357 ὅ
428 297 490 357 δὲ
541 296 803 375 νεώτερος
851 302 930 377 τῷ
981 296 1192 374 οὕνομα
1237 298 1308 375 ἦν
1352 301 1681 379 Λυκόφρων,
1723 292 1948 385 ἥλγῆσε

344 383 593 449 α’κούσας
626 384 767 446 οὕτω
795 385 941 447 ὥστε
974 385 1310 463 ἀπικόμενος
1336 392 1392 451 ἐς
1415 388 1520 463 τὴν
1547 389 1826 467 Κόρινθον
1849 392 1948 453 ἅτε

344 474 523 549 φονέα
552 477 655 549 τῆς
686 472 899 552 μητρός
922 474 1023 536 τόν
1046 475 1263 551 πατέρα
1289 473 1416 536 οὔτε
1443 480 1736 553 προσεῖπε,
1763 478 1948 540 διαλε·

340 562 560 641 γομένῳ
598 587 661 623 τε
700 561 828 623 οὔτε
866 562 1306 644 προσδιελέγετο
1344 564 1661 640 ἱστορέοντί
1680 591 1742 625 τε
1769 567 1948 648 λόγον

344 648 541 709 οὐδένα
580 650 780 711 ἐδίδου·
824 651 990 715 τέλος
1030 650 1094 711 δέ
1129 676 1228 729 μιν
1258 652 1388 728 πέρι
1425 652 1580 731 θυμῷ
1619 652 1882 732 ἐχόμενος
1911 654 1946 716 ὅ

345 738 685 815 Περίανδρος
718 738 998 808 ἐξελαύνει
1038 744 1100 799 ἐκ
1130 742 1242 800 τῶν
1272 741 1476 801 οἰκίων.
1544 738 1858 810 Ἐξελάσας
1883 742 1944 803 δὲ
1960 746 2034 804 51

342 828 557 896 τοῦτον,
600 824 819 903 ἱστόρεε
856 824 957 887 τὸν
994 825 1387 905 πρεσβύτερον
1418 828 1494 888 τά
1530 833 1644 903 σφι
1678 828 1712 889 ὅ
1741 855 1946 908 μητρο-

342 912 535 991 πάτωρ
571 913 853 993 διελέχθη·
895 913 929 975 ὅ
954 914 1019 975 δέ
1054 917 1107 976 οἶ
1139 914 1418 997 οἶπηγέετο
1451 915 1523 980 ὦς
1557 922 1744 992 σφεας
1778 923 1944 995 φιλο-

343 1000 561 1077 φρόνως
612 1002 855 1071 ἐδέξατο·
924 1003 1134 1063 ἐκείνου
1179 1002 1240 1063 δὲ
1290 1007 1392 1065 τοῦ
1444 1004 1604 1069 ἔπεος
1646 1004 1715 1067 τό
1755 1012 1868 1083 σφι
1910 1005 1945 1068 ὅ

344 1093 611 1165 Προκλῆς
648 1088 1021 1151 ἀποστέλλων
1052 1090 1189 1164 εἶπε,
1221 1091 1319 1152 ἅτε
1353 1089 1418 1153 οὗ
1449 1091 1558 1173 νόῳ
1595 1093 1812 1171 λαβῶν,
1841 1094 1944 1155 οὖκ

343 1178 636 1254 ἐμέμνητο·
704 1178 1043 1255 Περίανδρος
1095 1178 1156 1238 δὲ
1211 1177 1470 1256 οὐδεμίαν
1519 1180 1782 1260 μηχανὴν
1831 1183 1944 1260 ἔφη

343 1264 483 1326 εἶναι
511 1264 593 1343 μή
632 1264 699 1326 οὔ
732 1271 847 1341 σφι
880 1269 1089 1327 ἐκεῖνον
1124 1264 1442 1328 ὑποθέσθαι
1473 1292 1549 1337 τι,
1585 1268 1851 1347 ἐλιπάρεέ
1879 1295 1943 1331 τε

344 1354 629 1431 ἶστορέων·
672 1351 705 1415 ό
732 1353 792 1414 δὲ
818 1352 1196 1431 ἀναμνησθεὶς
1221 1352 1342 1414 εἶπε
1369 1354 1462 1413 καὶ
1486 1356 1674 1415 τοῦτο·
1707 1358 1944 1433 Περίαν-

342 1440 471 1517 δρος
503 1441 565 1502 δὲ
600 1440 709 1521 νόῳ
733 1439 935 1517 λαβών
961 1441 1055 1500 καὶ
1078 1444 1248 1501 τοῦτο
1273 1441 1366 1500 καὶ
1391 1439 1651 1518 μαλακὸν
1675 1442 1945 1504 ἐνδιδόναι

339 1528 689 1607 βουλόμενος
730 1527 903 1599 οῦδὲν,
945 1526 986 1609 ᾗ
1026 1527 1062 1589 ὅ
1102 1529 1425 1598 ἐξελασθεὶς
1463 1528 1557 1589 ὕπ’
1597 1528 1768 1591 αὐτοῦ
1810 1534 1946 1596 παῖς

341 1616 555 1679 δίαιταν
581 1618 829 1677 ἐποιέετο
856 1622 912 1681 ές
937 1615 1167 1681 τούτους
1192 1618 1427 1696 πέμπων
1447 1616 1710 1700 ἄγγελον,
1731 1617 1943 1701 οἷπηγό-

339 1730 465 1783 ρευε
497 1704 580 1783 μή
610 1730 707 1782 μιν
742 1704 1005 1768 δέκεσθαι
1036 1706 1285 1768 οἰκίοισι·
1325 1705 1360 1768 ὁ
1385 1706 1445 1768 δὲ
1471 1705 1610 1771 ὅκως
1635 1706 1944 1770 ἀπελαυνό-

340 1819 505 1870 μενος
546 1795 703 1855 ἔλθοι
729 1799 785 1859 ἐς
810 1794 999 1870 ἄλλην
1024 1795 1221 1873 οἰκίην,
1249 1794 1577 1858 ἅπελαύνετ’
1603 1794 1674 1858 ἂν
1700 1799 1794 1858 καὶ
1825 1797 1940 1860 α’πό

338 1881 558 1958 ταύτης,
594 1880 976 1963 (ἀπειλέοντός
1004 1909 1068 1944 τε
1096 1887 1199 1944 τοῦ
1239 1884 1586 1962 Περιάνδρου
1608 1890 1762 1947 τοῖσι
1787 1886 1944 1957 δεξα·

339 1971 563 2047 μένοισι
599 1970 692 2030 καὶ
732 1970 977 2051 ἐξέργειν
1012 1969 1382 2051 κελεύοντος,)
1410 1970 1860 2051 ἀπελαυνόμενος
1893 1973 1942 2033 δ’

340 2056 409 2118 ἂν
431 2057 519 2134 ἤϊε
546 2057 631 2119 ἐπ’
661 2059 853 2136 ἑτέρην
876 2061 986 2119 τῶν
1014 2059 1261 2134 ἑταίρων·
1305 2061 1359 2118 οἱ
1383 2059 1444 2118 δὲ
1469 2058 1568 2119 ἅτε
1594 2060 1942 2137 Περιάνδρου

340 2146 503 2207 ε’όντα
526 2145 701 2208 παῖδα
727 2147 924 2223 καίπερ
950 2145 1320 2223 δειμαίνοντες
1345 2144 1494 2222 ὅμως
1514 2145 1786 2206 ἐδέκοντο.
1844 2149 1941 2207 Τέ-
1957 2151 2030 2210 52

338 2237 443 2298 λος
482 2235 541 2294 δὲ
577 2233 610 2295 ὅ
647 2233 989 2312 Περίανδρος
1028 2232 1289 2314 κήρυγμα
1330 2232 1654 2309 ἐποιήσατο,
1692 2233 1756 2298 ὃς
1789 2232 1860 2295 ἂν
1896 2234 1938 2313 ἦ

339 2322 569 2382 οἰκίοισι
591 2321 932 2397 ὖποδέξηταί
951 2347 1049 2398 μιν
1074 2319 1112 2397 ἢ
1139 2316 1584 2401 προσδιαλεχθῇ,
1602 2321 1726 2399 ἱρὴν
1741 2322 1944 2400 ζημίην

336 2414 539 2472 τοῦτον
561 2415 639 2490 τῷ
660 2409 983 2470 Ἀπόλλωνι
1020 2407 1294 2487 ὀφείλειν,
1320 2409 1464 2486 ὅσην
1490 2409 1559 2487 δὴ
1588 2410 1762 2474 ε’ίπας·
1802 2411 1944 2488 πρός

341 2498 417 2558 ὧν
457 2498 526 2574 δὴ
565 2501 735 2559 τοῦτο
773 2497 841 2558 τό
884 2496 1162 2579 κήρυγμα,
1201 2496 1328 2559 οὔτε
1364 2501 1451 2563 τίς
1486 2502 1541 2559 οἱ
1580 2498 1942 2582 διαλέγεσθαι

340 2584 468 2646 οὔτε
508 2587 735 2646 οἰκίοισι
775 2585 1037 2647 δέκεσθαι
1074 2584 1267 2661 ἤθελε·
1319 2586 1460 2663 πρός
1500 2587 1576 2658 δὲ,
1610 2587 1736 2647 οὐδὲ
1775 2586 1942 2652 αὖτός

339 2677 545 2738 ἐκεῖνος
586 2674 821 2734 ἐδικαίευ
859 2674 1168 2750 πειρᾶσθαι
1205 2673 1593 2752 ἀπεψημένου,
1630 2673 1786 2732 α’λλαῖ
1825 2674 1940 2732 δια-

339 2763 642 2841 καρτερέων
682 2766 741 2822 ἐν
777 2765 915 2842 τῇσι
954 2765 1168 2841 στοῇσι
1207 2761 1572 2822 ἐκαλινδέετο·
1612 2761 1850 2840 τετάρτῃ
1888 2760 1936 2820 δ’

336 2849 519 2929 ἡμέρῃ
558 2849 684 2911 ἰδών
706 2874 805 2926 μιν
829 2848 862 2909 ὁ
900 2848 1244 2927 Περίανδρος
1274 2847 1590 2928 ἀλουσίῃσί
1609 2873 1672 2908 τε
1699 2847 1791 2908 καὶ
1815 2847 1941 2908 οἷσι-

336 2938 497 3017 τίῃσι
536 2934 1001 3014 συμπεπτωκότα,
1044 2937 1299 3013 οἴκτειρε·
1349 2935 1506 2998 ὑπεὶς
1545 2935 1606 2995 δὲ
1634 2939 1736 3012 τῆς
1768 2933 1942 3018 ὀργῆς

337 3023 428 3102 ἤϊε
468 3024 657 3086 ἆσσον
689 3025 781 3084 καὶ
814 3025 994 3105 ἔλεγε·
1034 3034 1071 3061 “
1088 3023 1132 3083 ὦ
1160 3026 1282 3093 παῖ,
1315 3021 1516 3100 κότερα
1547 3022 1756 3084 τούτων
1793 3026 1936 3101 αἱρε-

336 3112 552 3191 τότερά
593 3119 735 3183 ἐστι,
772 3116 951 3173 ταῦτα
988 3111 1061 3173 τοὶ
1100 3115 1199 3172 νῦν
1239 3113 1379 3191 ἔχων
1417 3111 1714 3188 πρήσσεις,
1756 3109 1793 3187 ἢ
1830 3111 1938 3186 τήν

337 3201 635 3280 τυραννίδα
691 3199 783 3261 καὶ
844 3199 1029 3282 οἶγαθᾶ
1082 3198 1156 3260 ταῖ
1201 3203 1300 3260 νῦν
1352 3199 1458 3281 ε’γῶ
1509 3201 1636 3279 ἔχω,
1699 3197 1940 3281 [ταῦτα,]

339 3287 505 3350 ἐόντα
539 3293 619 3370 τῷ
656 3288 829 3366 πατρὶ
866 3289 1157 3366 ἐπιτήδεον
1195 3287 1690 3366 παραλαμβάνεινς
1737 3285 1802 3350 ὃς
1839 3285 1945 3346 ε’ὢν
