2250 3500
329 137 620 204 180-183]
1027 141 1250 193 nmo.
1872 145 1937 194 ευ

323 219 564 295 περιθεῖ,
596 217 662 278 οὗ
695 221 896 299 πολλῷ
928 219 1035 298 τέῳ
1061 219 1467 298 ἀσθενέστερον
1490 225 1591 282 τοῦ
1618 221 1806 300 ἑτέρου
1830 223 1937 284 τεί-

324 331 462 386 χεος
506 305 856 384 στεινότερον
905 307 984 367 δέ.
1067 313 1127 367 ἐν
1174 308 1233 367 δὲ
1285 308 1497 385 φάρσεϊ
1550 312 1786 390 ἐκατέρῳ
1834 315 1937 388 τῆς

328 393 532 457 πόλιος
554 395 866 473 τὲτείχιστο
895 399 952 456 ἐν
986 395 1165 475 μέσῳ·
1208 400 1267 455 ἐν
1297 399 1375 475 τῷ
1407 396 1506 472 ἦεν
1535 397 1607 457 τᾶ
1632 396 1934 474 βασιλήῖα,

331 481 624 562 περιβόλῳ
657 481 888 563 μεγάλῳ
922 509 986 543 τε
1018 484 1110 542 καὶ
1159 487 1389 562 ἰσχυρῷ·
1432 489 1490 544 ἐν
1535 485 1595 543 δὲ
1634 489 1711 564 τῷ
1756 487 1935 565 ἑτέρῳ,

334 569 471 633 Διός
495 569 691 646 Βήλου
717 571 836 648 ἶριὶν
860 571 1244 649 χαλκόπυλον,
1284 572 1375 630 καὶ
1418 576 1473 634 ἐς
1512 574 1611 647 ἐμὲ
1648 577 1815 632 τοῦτο
1854 575 1935 635 ἔτι

331 657 442 726 ἐὰν,
479 657 578 717 δύο
611 657 853 719 σταδίων
891 658 1092 736 πάντη,
1135 659 1227 720 {dv
1263 657 1628 739 τετράγωνον.
1696 664 1753 720 ἐν
1778 661 1937 741 μέσῳ

331 744 396 804 δὲ
434 748 536 804 τοῦ
580 747 700 822 ἶροῦ
740 745 954 828 πύργος
1001 747 1229 825 στερεός
1272 747 1648 825 οἰκοδόμηται,
1705 749 1937 810 σταδίου

330 832 425 892 καὶ
448 833 516 892 τὸ
540 837 718 910 μῆκος
755 835 848 893 καὶ
877 834 943 894 τό
973 834 1148 913 εὖρος·
1191 835 1283 894 καὶ
1318 836 1409 895 ἐπὶ
1438 833 1615 914 τούτῳ
1638 838 1715 914 τῷ
1740 833 1933 918 πύργῳ

329 919 510 984 ἄλλος
533 919 745 1002 πύργος
770 923 1084 1000 ἐπιβέβηκε
1110 923 1203 982 καὶ
1235 923 1419 1001 ἔτερος
1442 922 1602 999 μάλα
1630 924 1720 983 ἐπὶ
1740 923 1931 1005 τούτῳ,

326 1007 526 1086 μέχρις
551 1007 616 1068 οὗ
643 1007 786 1069 ὀκτῶ
811 1009 1053 1092 πύργων·
1094 1009 1377 1088 α’νάβασις
1410 1011 1471 1069 δὲ
1502 1015 1558 1074 ἐς
1584 1009 1784 1075 αὐτούς
1808 1012 1933 1082 ἔξω·

329 1095 427 1154 θεν
451 1094 634 1176 κύκλῳ
659 1099 788 1175 περὶ
822 1089 1038 1162 πάντας
1066 1098 1197 1162 τοῦς
1228 1098 1472 1180 πύργους
1503 1100 1715 1179 ἔχουσα
1738 1101 1933 1160 πεποί-

325 1207 475 1258 ηται·
514 1189 783 1261 μεσοῦντι
807 1185 872 1245 δέ
894 1211 994 1246 κου
1017 1191 1118 1262 τῆς
1143 1185 1461 1263 α’ναβάσιός
1488 1191 1612 1247 ἐστι
1637 1187 1935 1269 καταγωγή

324 1295 390 1330 τε
426 1273 518 1331 καὶ
555 1273 723 1332 θῶκοι
758 1272 1193 1352 ἀμπαυστήριοι,
1222 1279 1281 1334 ἐν
1313 1277 1467 1334 τοῖσι
1493 1275 1801 1345 κατίζοντες
1825 1274 1930 1352 οἷμ-

323 1358 598 1419 παύονται
623 1363 677 1420 οἶ
701 1361 1117 1439 α’ναβαινοντες·
1155 1366 1212 1421 ἐν
1239 1361 1300 1421 δὲ
1323 1365 1400 1440 τῷ
1423 1362 1720 1440 τελευταίῳ
1739 1360 1932 1442 πύργῳ

325 1445 459 1522 νηὸς
484 1449 676 1508 ἔπεστι
699 1449 894 1528 μέγας·
937 1454 995 1508 ἐν
1026 1449 1086 1508 δὲ
1121 1453 1198 1528 τῷ
1236 1453 1347 1528 νηῷ
1383 1448 1545 1523 κλίνη
1583 1447 1806 1529 μεγάλη
1847 1450 1931 1508 κέ·

327 1559 448 1593 εται
488 1535 546 1594 εὖ
587 1538 922 1615 ἐστρωμένη,
952 1538 1049 1596 καί
1081 1539 1136 1596 οἶ
1165 1536 1412 1613 τράπεζα
1436 1535 1772 1612 παρακέεται
1795 1561 1929 1614 χρυ-

325 1622 452 1698 σέη·
494 1621 726 1704 ἄγαλμα
765 1625 826 1684 δὲ
865 1624 964 1684 οὐκ
1012 1625 1090 1684 ἔνι
1131 1623 1289 1684 οὐδὲν
1328 1621 1524 1682 αὐτόθι
1564 1623 1928 1700 ἐνιδρυμένον·

326 1709 454 1771 οὐδὲ
478 1711 648 1773 νύκτα
673 1712 849 1777 οὐδεὶς
869 1713 1209 1785 ἐναυλίζεται
1234 1711 1549 1790 ἀνθρώπων,
1568 1710 1655 1772 ὅτι
1678 1712 1759 1789 μή
1786 1711 1927 1793 γυνή

324 1799 502 1876 μούνη
541 1805 654 1860 τῶν
691 1802 994 1881 ἐπιχωρίων
1027 1801 1132 1877 τὴν
1168 1800 1235 1861 ἂν
1275 1800 1309 1861 ὅ
1342 1800 1466 1864 θεός
1498 1801 1693 1877 ἕληται
1725 1806 1784 1860 ἐκ
1824 1826 1928 1859 πα-

325 1887 484 1958 σέων,
507 1887 577 1951 ὦς
596 1889 828 1969 λέγουσι
851 1891 906 1948 οἱ
925 1890 1222 1959 Χαλδαῖοι,
1243 1888 1422 1951 ἐόντες
1448 1890 1588 1967 ἶρέες
1605 1887 1807 1948 τούτου
1826 1892 1925 1948 τοῦ

325 1974 475 2035 θεοῦ.
556 1977 708 2035 Φασὶ
743 1976 802 2035 δὲ
844 1979 899 2035 οἱ
933 1976 1092 2036 αὐτοὶ
1118 1975 1290 2046 οὗτοι,
1328 1976 1451 2052 ἐμοὶ
1485 1978 1589 2053 μὲν
1616 1975 1681 2034 οὔ
1706 1974 1887 2035 πιστᾶ
1906 1978 2019 2035 182

322 2063 600 2143 λέγοντες,
625 2063 724 2124 τόν
761 2063 889 2124 θεὸν
928 2063 1096 2123 αύτόν
1132 2068 1335 2141 φοιτᾶν
1368 2088 1432 2122 τε
1466 2068 1520 2125 ἐς
1545 2062 1647 2121 τόν
1670 2062 1805 2136 νηόν
1832 2063 1925 2121 καὶ

323 2149 684 2226 ἀμπαύεσθαι
710 2153 802 2211 ἐπὶ
825 2156 926 2228 τῆς
953 2152 1160 2226 κλίνης,
1183 2149 1427 2225 κατάπερ
1454 2154 1511 2207 ἐν
1530 2147 1767 2224 Θήβῃσι
1790 2152 1927 2227 τῇσι

323 2240 666 2319 Αἰγυπτίῃσι
706 2240 848 2299 κατὰ
884 2237 1195 2299 τόν”αὗτόν
1230 2235 1456 2314 τρόπον,
1499 2234 1570 2297 ὥς
1602 2236 1839 2316 λέγουσι
1870 2240 1925 2296 οἱ

322 2325 641 2406 Αἰγύπτιοι·
689 2327 780 2385 καὶ
824 2325 937 2407 γᾶρ
979 2325 1048 2401 δὴ
1093 2325 1263 2386 ἐκεῖθι
1311 2326 1571 2400 κοιμᾶται
1612 2327 1670 2382 ἐν
1708 2327 1786 2402 τῷ
1823 2329 1924 2384 τοῦ

325 2414 463 2477 Διός
500 2418 602 2474 τσῦ
641 2416 923 2491 Θηβαιέος
964 2414 1124 2497 γυνή·
1178 2411 1495 2490 ἀμφότεραι
1536 2411 1595 2471 δὲ
1636 2410 1799 2471 αὗται
1831 2414 1924 2473 λέ-

264 2498 271 2503 ’
321 2526 516 2582 γονται
539 2503 750 2581 ἀνδρῶν
776 2503 1030 2579 οὐδαμῶν
1057 2507 1111 2566 ἐς
1135 2501 1363 2579 ὁμιλίην
1382 2504 1605 2578 φοιτᾶν·
1639 2502 1731 2561 καὶ
1758 2501 1921 2561 κατά-

321 2614 428 2667 περ
455 2595 514 2650 ἐν
540 2589 862 2668 Πατάροισι
895 2592 996 2667 τῆς
1019 2590 1228 2666 Λυκίης
1252 2588 1289 2666 ἦ
1316 2588 1623 2666 πρόμαντις
1646 2593 1747 2649 τοῦ
1775 2590 1922 2659 θεοῦ,

321 2678 491 2738 ἐπεὰν
539 2679 786 2762 γένηται·
848 2678 914 2738 ού
961 2678 1072 2761 γὰρ
1127 2678 1203 2738 ὦν
1255 2678 1367 2737 αἰεί
1413 2682 1537 2737 ἐστι
1576 2676 1923 2755 χρηστήριον

319 2765 535 2827 αὐτόθι·
578 2766 747 2828 ἐπεὰν
778 2766 839 2826 δέ
871 2767 1116 2848 γένηται,
1142 2765 1271 2828 τότε
1306 2764 1383 2825 ὧν
1417 2762 1923 2845 συγκατακληίεται

318 2853 419 2917 τᾶς
453 2851 653 2917 νύκτας
679 2855 788 2913 ἔσω
814 2859 873 2914 ἐν
895 2859 972 2934 τῷ
1001 2858 1132 2933 νηῷ.
1197 2852 1372 2913 Ἔστι
1397 2852 1458 2912 δὲ
1480 2854 1582 2911 τοῦ
1609 2854 1667 2910 ἐν
1692 2850 1883 2924 Βαβυ·
1903 2850 2019 2907 183

321 2944 456 3001 λῶνι
485 2945 605 3020 ἱροῦ
640 2943 732 3001 καὶ
766 2941 944 3007 ἄλλος
979 2941 1124 3002 κάτω
1156 2940 1303 3017 νηός·
1344 2940 1477 3000 ἔνθα
1512 2938 1745 3019 ἄγαλμα
1776 2936 1924 3015 μέγα

327 3034 419 3089 τοῦ
449 3030 584 3094 Διός
611 3032 688 3090 ἔνι
715 3028 1024 3107 κατήμενον
1047 3029 1308 3109 χρύσεον,
1347 3026 1445 3087 καί
1476 3029 1530 3085 οἱ
1554 3024 1801 3103 τράπεζα
1826 3046 1921 3099 με-

327 3117 472 3199 γάλη
516 3118 854 3196 παρακέεται
893 3120 1127 3197 χρυσέη,
1169 3116 1261 3176 καὶ
1295 3116 1361 3175 τὸ
1400 3112 1623 3191 βάθρον
1662 3114 1717 3171 οἱ
1757 3111 1849 3169 καὶ
1888 3108 1921 3169 ὅ

323 3204 518 3281 θρόνος
562 3203 802 3284 χρύσεός
844 3210 983 3277 ἐστι,
1025 3206 1136 3277 καὶ,
1178 3202 1249 3266 ὥς
1288 3203 1483 3283 ἔλεγον
1523 3203 1578 3259 οἱ
1622 3197 1919 3269 Χαλδαῖοι,

325 3290 608 3413 ταλάιὲτων
634 3290 977 3352 ὀκτακοσίων
1001 3290 1241 3369 χρυσίου
1264 3285 1563 3362 πεποίηται
1584 3288 1780 3347 ταῦτα·
1822 3282 1924 3353 ἔξω
