2250 3500
332 87 425 134 328
934 81 1298 132 ἨΡΟΔΟΤΟΤ
1811 79 1933 143 [IV.

329 191 459 228 τους
488 169 593 241 μὲν
624 163 693 242 δὴ
728 162 978 244 ὖπάγειν,
1006 162 1076 240 ἢν
1102 163 1192 221 ἐπὶ
1227 165 1394 222 τοῦτο
1424 160 1704 237 τράπηται
1729 160 1763 220 ὁ
1791 161 1940 238 Πέρ-

330 279 455 328 σης,
475 253 561 312 ῖθύ
588 251 855 314 Τανάϊδος
882 256 1139 327 ποταμοῦ
1168 250 1321 327 παροὶ
1345 249 1448 324 τήν
1463 253 1712 324 Μαιῆτιν
1731 248 1941 325 λίμνην

328 339 769 421 ὑποφεύγοντας,
796 338 1209 402 ἅπελαύνοντός
1242 363 1306 398 τε
1341 340 1444 397 τοῦ
1477 337 1730 414 Πέρσεω,
1760 337 1941 398 ἐπιόν-

328 453 427 491 τας
468 427 698 489 διώκειν.
767 427 905 502 αὕτη
940 427 1045 504 μέν
1071 433 1188 502 σφι
1219 426 1323 502 μία
1347 424 1418 500 ἦν
1441 428 1615 502 μοῖρα
1639 428 1741 501 τῆς
1765 427 1940 501 βασι-

329 516 510 592 ληΐης,
536 516 846 596 τεταγμένη
872 513 1081 590 ταύτην
1106 513 1209 589 τήν
1238 512 1369 572 ὁδὸν
1395 511 1541 590 ᾗπερ
1569 513 1799 589 εἴρηται·
1841 513 1942 577 τὰς

330 603 390 663 δὲ
438 603 535 664 δύο
577 607 687 664 τῶν
733 602 1071 680 βασιληίων,
1112 600 1218 677 τήν
1260 625 1322 660 τε
1362 598 1620 680 μεγάλην
1657 603 1759 675 τῆς
1799 599 1942 680 ἦρχε

329 689 687 768 Ἰδάνθυρσος
720 690 812 748 καὶ
847 689 953 764 τήν
988 689 1182 765 τρίτην
1208 692 1309 763 τῆς
1344 687 1652 764 ἐβασίλευε
1678 688 1938 758 Τάξακις,

332 777 720 843 συνελθούσας
748 782 802 842 ἐς
827 776 1023 846 τῶυτό,
1054 776 1147 836 καὶ
1173 779 1439 836 Γελωνῶν
1453 801 1514 834 τε
1543 775 1635 833 καὶ
1661 776 1942 836 Βουδίνων

327 868 797 946 προσγινομένων,
823 865 1033 942 ἡμέρης
1064 864 1156 923 καὶ
1193 863 1422 927 τούτους
1453 863 1560 942 ὁδῷ
1596 865 1940 943 προέχοντας

328 958 439 1014 τῶν
473 955 741 1032 Περσέων
780 952 1093 1033 ὑπεξάγειν,
1125 951 1389 1015 ὑπιόντας
1422 977 1484 1010 τε
1521 951 1613 1010 καὶ
1649 957 1940 1017 ποιεῦντας

326 1040 397 1100 τοῖ
436 1042 886 1117 βεβουλευμένα.
954 1044 1150 1117 πρῶτα
1187 1040 1293 1116 μέν
1332 1065 1428 1100 νυν
1471 1037 1708 1119 ὑπάγειν
1749 1042 1941 1116 σφέας

333 1127 424 1188 ἴθι)
471 1131 581 1188 τῶν
621 1127 844 1207 χωρέων
893 1131 1005 1187 τῶν
1056 1125 1445 1205 ἀπειπαμένων
1496 1125 1602 1202 τὴν
1653 1129 1940 1205 σφετέρην

328 1216 673 1294 συμμαχίην,
712 1213 828 1296 [ἵνα
870 1215 963 1274 καὶ
1000 1214 1231 1279 τούτους
1271 1214 1756 1297 ἐκπολεμώσωσι,]
1801 1221 1848 1275 εἰ
1881 1217 1939 1276 δὲ

326 1302 409 1379 μή
437 1302 651 1367 ἑκόντες
675 1329 741 1384 γε
772 1302 1059 1363 ὑπέδυσαν
1082 1301 1184 1363 τὸν
1219 1301 1471 1379 πόλεμον
1497 1302 1596 1364 τὸν
1621 1303 1764 1380 πρὸς
1792 1306 1937 1382 Πέρ-

329 1417 454 1466 σας,
510 1390 643 1450 οἶλλῘ
697 1389 933 1455 ἄκοντας
988 1394 1402 1468 ἐκπολεμῶσαι·
1463 1390 1606 1467 μετά
1660 1391 1720 1450 δὲ
1770 1395 1940 1452 τοῦτο

330 1477 712 1556 ὑποστρέφειν
759 1484 815 1544 ἐς
854 1479 984 1556 τήν·
1014 1480 1314 1556 σφετέρην,
1358 1480 1452 1538 καὶ
1505 1480 1830 1558 ἐπιχειρέειν
1869 1479 1940 1558 ἢν

238 1567 437 1643 121δή
477 1561 947 1644 βουλευομένοισι
987 1567 1169 1646 δοκέῃ.
1237 1571 1427 1627 Ταῦτα
1467 1570 1522 1627 οἱ
1563 1567 1775 1632 Σκύθαι
1799 1571 1940 1645 βου-

328 1653 669 1731 λευσάμενοι
700 1654 1035 1730 υπηντίαζον
1065 1655 1172 1731 τὴν
1205 1656 1446 1732 Δαρείου
1487 1681 1776 1733 στρατιην,
1803 1683 1938 1733 προ-

320 1741 568 1819 δρόμους
609 1741 1047 1805 α’ποστείλαντες
1084 1747 1198 1805 τῶν
1239 1745 1449 1804 ιππέων
1481 1770 1612 1809 τους
1651 1743 1938 1823 ἀρίστους.

327 1856 427 1893 τας
454 1830 514 1889 δὲ
539 1829 811 1907 οἶμάξας’
786 1856 844 1891 εν
868 1830 1011 1909 τῇσί
1042 1838 1156 1907 σφι
1189 1832 1441 1893 διαιτᾶτο
1463 1859 1536 1894 τα
1561 1833 1728 1893 τέκνα
1752 1859 1816 1894 τε
1845 1836 1940 1893 καὶ

330 1920 389 1975 αἱ
418 1921 673 1999 γυναῖκες
707 1922 909 1990 πᾶσαι,
938 1920 1032 1979 καὶ
1065 1919 1138 1979 τοὶ
1172 1920 1457 2009 πρόβατα,
1485 1921 1638 1997 πλὴν
1677 1920 1790 1981 ὅσα
1822 1930 1940 1999 σφι

330 2010 385 2069 ἐς
413 2007 690 2085 φορβὴνε
674 2034 833 2069 ικανα
858 2008 928 2085 ἦν
952 2012 1208 2069 τοσαῦτα
1231 2007 1656 2086 υπολιπόμενοι,
1680 2035 1754 2070 τα
1780 2008 1941 2070 ἄλλα

330 2122 447 2173 αμα
475 2100 611 2175 τῇσι
646 2097 901 2177 αμάξῃσι
931 2096 1300 2175 προέπεμψαν
1336 2096 1710 2173 ἐντειλάμενοι
1736 2124 1845 2157 αιει
1871 2126 1938 2159 το

312 2184 472 2261 ,πρὸς
496 2186 685 2263 βορέω
710 2186 978 2247 ἐλαύνειν.
1043 2189 1222 2247 ταῦτα
1245 2188 1350 2262 μὲν
1375 2184 1445 2261 δῆ
1473 2187 1896 2263 προεκομίζετο.

237 2274 349 2329 122
434 2277 555 2333 Τῶν
598 2273 657 2333 δὲ
711 2274 965 2337 Σκυθέων
1007 2276 1060 2333 οῖ
1103 2271 1416 2351 πρόδρομοι
1469 2272 1541 2337 ὥς
1593 2270 1755 2350 εὗρον
1806 2275 1940 2339 τούς

332 2361 563 2435 Πέρσας
602 2359 742 2420 ὅσον
766 2386 830 2420 τε
854 2366 1020 2437 τριῶν
1049 2360 1297 2439 ἡμερέων
1323 2358 1455 2421 ἆδόν
1480 2360 1793 2441 ἀπέχοντας
1821 2362 1940 2423 οἷπό

328 2451 428 2507 τοῦ
444 2445 690 2523 Ἴστρου,
721 2444 875 2509 οὗτοι
898 2451 1003 2526 μὲν
1027 2448 1258 2512 τούτους
1297 2447 1562 2525 εὑρόντες,
1590 2448 1802 2534 ἡμέρης
1825 2450 1942 2531 ὁδῷ

328 2534 662 2613 προέχοντες
682 2535 1235 2613 ἐστρατοπεδεύοντο,
1251 2535 1323 2596 τά
1349 2541 1410 2595 ἐκ
1435 2539 1537 2611 τῆς
1555 2541 1660 2617 γῆς
1679 2537 1940 2614 φυόμενα

328 2624 658 2687 λεαίνοντες.
738 2627 791 2683 οἱ.
818 2623 877 2684 δὲ
903 2625 1128 2701 Πέρσαι
1155 2624 1226 2687 ῶς
1255 2623 1402 2683 εἶδον
1429 2628 1799 2699 ἐπιφανεῖσαν
1825 2630 1939 2687 τῶν

332 2712 587 2776 Σκυθέων
615 2711 720 2789 τήν
752 2713 940 2784 ἵππον,
973 2710 1214 2787 ἐπήϊσαν
1241 2711 1382 2771 κατοῖ
1420 2712 1630 2789 στίβον
1655 2713 1765 2771 αἰεὶ
1794 2712 1939 2773 ῦπα-

327 2798 558 2877 γόντων·
600 2800 693 2859 καὶ
730 2802 933 2869 ἔπειτα,
961 2798 1103 2877 πρὸς
1137 2799 1248 2880 γοὶρ
1273 2798 1378 2875 τὴν
1403 2800 1540 2877 μίαν
1563 2804 1673 2862 τῶν
1696 2801 1940 2878 μοιρέων

327 2885 545 2955 ἴθυσαν,
581 2890 635 2945 οἱ
675 2887 900 2962 Πέρσαι
938 2887 1160 2947 ἐδίωκον
1195 2885 1336 2963 πρὸς
1365 2886 1449 2962 ἠῶ
1479 2914 1542 2949 τε
1579 2888 1670 2946 καὶ
1696 2891 1798 2947 τοῦ
1827 2894 1940 2947 Τα-

327 2970 528 3034 νάϊδος·
571 2973 883 3049 διαβάντων
910 2974 969 3033 δὲ
993 2972 1203 3034 τούτων
1227 2974 1326 3034 τὸν
1352 2975 1558 3036 Τάναϊν
1582 2974 1860 3052 ποταμὸν,
1883 2981 1942 3037 οἱ

329 3058 554 3131 Πέρσαι
594 3059 980 3136 ἐπιδιαβάντες
1021 3060 1260 3120 ἐδίωκον·
1304 3066 1360 3124 ἐς
1387 3088 1455 3122 το
1491 3066 1601 3123 τῶν
1637 3064 1940 3140 Σαυρομα-

328 3141 465 3199 τέων
502 3142 606 3217 τήν
641 3170 828 3221 χωρην
869 3146 1241 3215 διεξελθόντες
1281 3146 1548 3210 α’πίκοντο
1588 3155 1642 3213 ἐς
1679 3149 1786 3225 τήν
1827 3154 1942 3211 τῶν

235 3222 349 3277 123
368 3226 662 3288 Βουδίνων.
720 3230 919 3313 Ὅσον
945 3235 1049 3311 μὲν
1084 3232 1154 3308 δη
1189 3233 1394 3313 χρόνον
1421 3240 1476 3295 οἱ
1508 3238 1732 3315 Πέρσαι
1761 3238 1942 3313 ἤισαν
