2250 3500
325 133 603 197 luo-183]
890 135 1343 186 ΜΕΛΠΟΜΕΝΗ.
1823 145 1917 190 353

320 218 375 274 οἱ
407 213 599 291 ἄνδρες
628 214 819 291 τρίτου
853 213 1043 290 μηνός,
1073 217 1168 274 καὶ
1200 219 1276 295 τῷ
1311 214 1381 276 ἂν
1419 218 1544 296 οἴκῃ
1575 222 1686 279 τῶν
1711 219 1922 298 ἀνδρῶν

317 303 384 363 vd
410 303 649 372 παιδίον,
676 303 877 362 τούτου
901 308 1035 365 παῖς
1061 305 1362 379 νομίζεται.

400 391 575 452 Οὗτοι
625 395 729 468 μὲν
783 394 837 451 οἱ
901 393 1369 468 παραθαλάσσιοι
1420 399 1532 455 τῶν
1597 397 1876 473 Νομάδων
1897 402 2012 461 181

315 480 549 557 Λιβύων
590 481 849 558 εἰρέαται·
896 481 1035 558 ὑπὲρ
1078 482 1140 540 δὲ
1181 482 1389 543 τούτων
1432 487 1486 547 ἔς
1526 485 1840 565 μεσόγαιαν
1881 486 1919 563 ἤ

318 569 589 645 θηριώδης
617 569 740 629 ε’στὶ
766 569 979 646 Λιβύη·
1020 569 1158 648 ὑπὲρ
1187 571 1246 629 δὲ
1275 575 1377 646 τῆς
1405 572 1696 648 θηριώδεος
1733 572 1919 650 ὀφρύη

318 656 552 734 ψάμμης
605 656 846 731 κατήκει,
894 660 1310 735 παρατείνουσα
1357 659 1470 719 αἶπό
1523 661 1760 736 Θηβέων
1809 665 1921 722 τῶν

317 745 664 825 Αἰγυπτιέων
724 735 816 805 ε’πὶ
882 745 1230 823 Ἡρακληῒας
1289 747 1526 823 στήλας·
1611 753 1669 807 έν
1727 749 1788 808 δὲ
1846 753 1920 828 τῇ

318 830 507 909 ὀφρύῃ
564 832 739 912 ταύτῃ
806 832 1063 910 μάλιστα
1122 834 1214 893 διιῗΙ
1273 835 1404 894 δέκα
1462 835 1708 913 ἡμερέων
1769 836 1918 908 ὁδοῦ,

318 918 457 982 ἁλός
495 926 617 980 ἐστι
646 921 865 998 τρύφεα
892 922 1033 981 κατὰ
1058 922 1325 1002 χόνδρους
1351 923 1632 1004 μεγάλους
1660 929 1718 984 ἐν
1745 929 1919 984 κολω-

317 1012 487 1067 νοῖσι·
529 1011 621 1068 καὶ
661 1015 719 1069 ἐν
760 1014 1046 1089 κορυφῇσι
1087 1011 1327 1070 ἑκαστον
1364 1015 1467 1071 τοῦ
1507 1016 1761 1073 κολωνου
1789 1011 1919 1074 ἅνα-

318 1098 609 1168 κοντίζει’
584 1124 643 1157 εκ
679 1100 861 1174 μέσου
892 1103 993 1158 τοῦ
1020 1099 1160 1162 αλός
1185 1099 1328 1178 υδωρ
1357 1101 1573 1180 ψυχρὸν
1601 1103 1692 1161 καὶ
1717 1102 1917 1183 γλυκύ·

315 1186 444 1262 περὶ
485 1185 546 1244 δὲ
584 1185 719 1246 αὐτ-ὁ
760 1185 1041 1263 ἅνθρωποι
1083 1188 1329 1247 οἰκέουσι
1369 1189 1602 1268 ἔσχατοι
1641 1189 1782 1266 πρὸς
1820 1194 1920 1266 τῆς

318 1273 542 1350 ἐρήμου,
573 1274 664 1333 καὶ
706 1274 844 1350 ὖπὲρ
886 1278 985 1349 τῆς
1027 1275 1338 1352 θηριώδεος.
1406 1276 1616 1352 πρώτοι
1655 1279 1775 1352 μὲν,
1803 1277 1916 1337 απὸ

316 1362 553 1437 Θηβέων
595 1361 687 1421 διὰ
723 1361 853 1420 δέκα
890 1361 1138 1438 ἡμερέων
1171 1361 1322 1431 ὁδοῦ,
1347 1361 1670 1439 Ἀμμώνιοι,
1699 1365 1919 1442 ἔχοντες

314 1449 383 1509 τὰ
430 1448 548 1526 ῖρὸν
596 1447 709 1509 <ivd
757 1454 858 1508 τοῦ
906 1451 1190 1526 Θηβαιέος
1238 1448 1390 1512 Διός·
1451 1451 1542 1508 καὶ
1587 1450 1698 1532 γὰρ
1743 1450 1811 1510 τό
1859 1456 1920 1511 ἐν

316 1536 566 1616 Θήβῃσι,
598 1537 669 1600 ὥς
694 1538 786 1596 καὶ
812 1536 1085 1615 πρότερον
1110 1538 1328 1616 εἴρηταί
1347 1564 1463 1614 μοι,
1492 1537 1920 1615 κριοπρόσωπον

314 1627 417 1684 τοῦ
472 1626 607 1689 Aede
658 1624 933 1707 τῶγαλμοί
984 1630 1128 1686 ἐστι.
1208 1626 1471 1707 τυγχάνει
1517 1626 1577 1685 δὲ
1628 1627 1722 1686 καὶ
1766 1625 1916 1688 ἄλλο

316 1719 431 1790 σφι
462 1714 604 1793 ὕδωρ
648 1718 909 1793 κρηναῖον
942 1714 1049 1776 ἐόν·
1090 1713 1158 1777 τό
1197 1714 1298 1777 τᾶν
1327 1717 1430 1793 μὲν
1471 1713 1674 1794 ὄρθρον
1706 1716 1917 1799 γίνεται

314 1802 630 1881 χλιαρόν,’
594 1807 805 1884 αγορῆς
828 1803 889 1863 δὲ
914 1804 1280 1881 πληθυούσης
1306 1803 1670 1883 ψυχρότερον·
1697 1830 1917 1883 μεσαμ-

314 1892 457 1967 βρίη
503 1893 568 1951 τέ
610 1897 748 1961 ἐστι,
783 1893 875 1951 καὶ
915 1918 981 1950 το
1027 1891 1202 1968 κάρτα
1243 1893 1456 1972 γίνεται
1489 1893 1726 1972 ψυχρόν·
1767 1918 1913 1969 τηνι-

319 1984 495 2039 καῦτα
534 1981 593 2039 δὲ
632 1978 868 2057 ἄρδουσι
905 2004 1035 2042 τους
1045 1979 1304 2085 κήπους·
1368 1979 1810 2056 ἀποκλινομένης
1855 1981 1917 2040 δὲ

316 2072 417 2143 τῆς
457 2068 666 2145 ημέρης
708 2068 926 2127 ὑπίεται
972 2070 1071 2125 τοῦ
1120 2070 1357 2146 ψυχροῦ,
1407 2070 1462 2129 ἐς
1511 2064 1575 2125 οὗ
1624 2066 1814 2125 δύεται
1854 2093 1916 2127 τε

318 2156 351 2216 ὅ
377 2156 537 2231 ἥλιος
564 2157 657 2215 καὶ
682 2156 748 2216 τὰ
774 2155 917 2232 ὕδωρ
944 2155 1158 2236 γίνεται
1182 2153 1440 2234 χλιαρόν·
1484 2154 1576 2213 ἐπὶ
1603 2154 1663 2213 δὲ
1689 2157 1919 2230 μᾶλλον

320 2243 406 2304 ῑόν
453 2250 508 2307 ἐς
546 2243 613 2303 τὸ
661 2243 868 2321 θερμόν
903 2248 958 2306 ἐς
993 2244 1175 2320 μέσας
1220 2241 1418 2307 νύκτας
1461 2242 1709 2315 πελάζει·
1771 2268 1916 2319 τηνι-

318 2335 497 2392 καῦτα
536 2332 596 2391 δὲ
636 2333 743 2403 ζέει
784 2330 1142 2408 ἀμβολάδην·
1215 2330 1594 2411 παρέρχονταί
1635 2356 1697 2391 τε
1743 2332 1918 2409 μέσαι

318 2420 509 2483 νύκτες
545 2421 636 2481 καὶ
668 2420 905 2500 ψύχεται
936 2420 1103 2497 μέχρι
1137 2423 1192 2483 ἔς
1223 2418 1324 2495 ἦῶ·
1366 2420 1663 2497 ἐπίκλησιν
1695 2418 1754 2479 δὲ
1782 2419 1920 2497 αὕτη

318 2508 359 2585 ἦ
386 2508 559 2585 κρήνη
588 2510 846 2567 καλέεται
869 2507 1092 2567 Ἠλίου.

402 2596 567 2655 Μετὰ
606 2596 665 2655 δὲ
688 2595 1050 2672 Ἀμμωνίους,
1080 2594 1171 2653 διὰ
1210 2599 1312 2671 τῆς
1351 2593 1566 2672 ὀφρύης
1595 2599 1698 2670 τῆς
1730 2596 1880 2675 ψάμ-
1903 2600 2013 2656 182

316 2712 447 2762 μου,
497 2683 564 2744 δι’
610 2684 830 2743 ἀλλέων
884 2683 1015 2742 δέκα
1066 2674 1313 2761 ἡμερέων
1366 2684 1514 2753 ὁδοῦ,
1563 2683 1805 2746 κολωνός
1856 2708 1918 2743 τε

318 2771 461 2835 ἁλός
487 2778 611 2833 ἔστι
638 2772 830 2849 ὁμοῖος
854 2776 931 2850 τῷ
954 2770 1250 2850 Ἀμμωνίῳ
1276 2772 1368 2829 καὶ
1393 2769 1556 2847 ὕδωρ·
1593 2770 1686 2829 καὶ
1712 2768 1917 2849 ἅνθρω-

318 2886 419 2919 ποι
453 2861 581 2938 περὶ
616 2858 786 2920 αὖτον
819 2859 1081 2919 οἰκέουσι·
1122 2863 1200 2937 τῷ
1237 2858 1297 2917 δὲ
1321 2857 1481 2936 χώρῳ
1505 2857 1683 2937 τούτῳ
1710 2857 1919 2936 οὕνομα

320 2947 544 3028 Αὖγιλοί
586 2953 729 3009 ἐστι.
798 2946 879 3027 (ἐς
913 2950 1114 3006 τοῦτον
1147 2945 1247 3005 τόν
1277 2949 1460 3023 χῶρον
1488 2947 1542 3003 οἱ
1568 2950 1920 3023 Νασαμῶνες

322 3035 681 3113 ὀπωριεῦντες
732 3060 863 3098 τους
916 3034 1172 3111 φοίνικας
1219 3032 1555 3113 φοιτέουσι.)
1621 3032 1767 3093 Ἀπο
1821 3035 1881 3094 δὲ
1902 3038 2014 3095 183

322 3123 595 3205 Αὐγίλων,
646 3123 737 3183 δια
792 3123 922 3181 δέκα
972 3120 1220 3198 ημερέων
1268 3119 1486 3179 αλλέων
1539 3118 1686 3190 ὁδοῦ,
1737 3123 1920 3199 ἔτερος

320 3212 461 3274 ἇλός
504 3212 761 3280 κολωνός,
801 3210 893 3269 καὶ
940 3209 1099 3287 ὕδωρ,
1147 3211 1238 3269 καὶ
1281 3208 1526 3283 φοίνικες
1569 3210 1921 3288 καρποφόροι

319 3301 551 3369 πολλοὶ,
579 3300 824 3376 κατάπερ
854 3299 945 3357 καὶ
972 3302 1031 3357 ἐν
1055 3298 1210 3359 τοῖσι
1237 3298 1494 3376 ἑτέροισι·
1521 3298 1613 3357 καὶ
1640 3296 1918 3376 ἅνθρωποι

478 3388 541 3432 28
