2250 3500
991 145 1323 216 merom.
1936 139 2003 190 vn

309 289 516 346 deinde
547 284 710 340 Oasis
744 279 1062 344 Ammonis3
1095 277 1246 333 unde
1274 291 1449 346 usque
1484 271 1557 330 ad
1586 271 1705 328 loca
1736 269 2007 326 Tritonidi

305 373 429 434 lacu
457 378 638 433 vicina
661 376 777 430 sine
799 389 996 442 magno
1023 371 1215 426 labore
1248 367 1521 440 perveniri
1558 365 1775 436 potuit;
1810 365 2007 420 saltem

305 469 562 526 immania
585 468 695 522 ista
718 465 967 520 Arabum
990 464 1242 518 examina
1265 477 1405 530 quae
1427 460 1557 514 indo
1580 477 1615 514 a
1632 459 1867 530 septimo
1881 463 2009 530 post

310 564 588 619 Christum
611 559 792 614 seculo
809 558 1054 613 Africam
1073 555 1557 624 septentrionalem
1576 557 1887 622 tenuerunt,
1906 553 2009 608 hac

307 660 468 727 parte
498 655 762 724 irrupisse
792 653 1024 706 constat.
1095 650 1178 704 At
1210 648 1357 702 enim
1386 650 1579 717 postea
1610 663 1775 717 quam
1809 665 1899 702 res
1928 648 2009 702 in·

307 747 523 804 ferioris
538 745 780 816 Aegypti
798 758 1044 798 crescere
1062 743 1376 810 coeperunt,
1392 739 1777 795 obsoleverunt
1791 745 2011 796 terrena

311 837 664 903 commercia;
694 837 852 890 tanto
874 839 998 890 erat
1019 834 1355 889 commodius
1375 834 1583 904 cymbis
1606 852 1770 905 quam
1794 835 2012 890 camelis

245 941 252 950 '
311 932 414 987 uti.
489 929 812 985 Memoriam
832 931 1020 982 tamen
1041 928 1357 982 nonnullam
1380 931 1557 984 status
1580 928 1781 998 prioris
1801 929 2013 998 magnis

312 1024 840 1093 rerumpublicarum
896 1022 1297 1077 mutationibus
1364 1024 1713 1093 superfuisse,
1772 1025 2015 1078 testatur

313 1118 534 1188 mythus
573 1117 682 1170 iste
728 1099 958 1184 insignis
1003 1114 1077 1171 de
1129 1116 1577 1184 Argonautarum
1624 1131 1749 1170 cum
1791 1115 2015 1168 Tritone

313 1210 420 1266 deo
441 1207 712 1264 conventu
738 1222 902 1276 quem
929 1205 1203 1262 Pindarus
1228 1209 1631 1262 commemorat.

419 1301 574 1366 Quae
605 1313 709 1368 per
745 1297 940 1352 Asiam
971 1296 1297 1352 commercia
1319 1297 1541 1367 fiebant,
1564 1298 1653 1353 vel
1686 1297 1761 1354 ad
1795 1297 2016 1364 Sardes,

313 1392 502 1470 vel,ad
518 1392 756 1459 Sinopen
782 1389 1108 1446 confluxisse
1130 1391 1403 1446 videntur.
1461 1392 1555 1446 Ab
1578 1391 1680 1446 hac
1703 1391 1777 1447 ad
1796 1391 2017 1446 Phasim

315 1503 494 1557 usque
529 1500 700 1541 verno
733 1486 982 1554 tempore
1016 1484 1153 1538 velis
1187 1483 1579 1552 navigabatur3
1619 1484 1751 1538 inde
1791 1500 1899 1538 non
1938 1485 2019 1540 ita

315 1599 516 1652 magno
561 1579 764 1635 montis
801 1578 944 1648 jugo
987 1579 1251 1649 plaustris
1298 1580 1571 1647 superato,
1612 1579 1767 1632 novis
1812 1579 2019 1648 cymbis

315 1673 608 1744 impositae
638 1689 850 1728 merces
880 1672 1104 1730 flumine
1137 1673 1279 1741 Cyro
1306 1671 1363 1725 in
1395 1687 1547 1726 mare
1580 1671 1839 1742 Caspium
1870 1672 2019 1726 defe-

274 1819 280 1824 .
318 1768 600 1823 rebantur.
663 1768 786 1822 Hac
808 1768 1021 1822 ratione
1044 1767 1133 1823 vel
1155 1768 1213 1821 in
1244 1767 1537 1837 Bactriam,
1559 1767 1648 1823 vel
1678 1768 1735 1823 in
1760 1768 2019 1837 Mediam,

319 1866 484 1930 prout
529 1861 674 1916 ratio
719 1860 1052 1931 postulabat,
1099 1862 1381 1917 commode
1427 1866 1655 1917 ventum
1701 1868 1803 1918 est.
1874 1864 2021 1919 Cave

320 1956 504 2007 autem
538 1955 702 2018 putes
733 1950 972 2007 Graecos
1007 1952 1255 2007 homines
1286 1954 1611 2009 alterutram
1646 1954 1839 2009 harum
1878 1956 2021 2023 regi-

321 2062 486 2099 onum
518 2045 666 2113 ipsos
694 2043 848 2099 adire
876 2045 1135 2113 potuisse.
1206 2046 1485 2101 Credibile
1513 2051 1600 2101 est
1634 2047 1694 2101 id
1725 2048 2023 2102 solenniter

321 2137 529 2191 factum
565 2150 686 2191 esse
723 2136 872 2205 quod
905 2137 1070 2191 hodie
1113 2138 1263 2207 apud
1295 2137 1559 2192 barbaras
1592 2142 1789 2205 gentes
1818 2140 2023 2206 passim

322 2229 574 2283 obtinere
598 2228 862 2297 videmus,
881 2246 1078 2299 nempe
1101 2230 1323 2297 regulos
1344 2244 1515 2298 penes
1534 2244 1672 2296 quos
1694 2228 1771 2283 sit
1792 2228 2027 2287 facultas

321 2323 802 2393 peregrinantibus
857 2323 1179 2393 obsistendi,
1226 2322 1375 2392 ipsos
1432 2326 1799 2379 mercatorum
1850 2324 2025 2379 vicem

323 2416 476 2470 obire
521 2416 702 2484 malle,
747 2416 955 2471 scilicet
993 2419 1060 2470 ut
1105 2416 1416 2485 monopolio
1462 2416 1777 2483 constitutO,
1820 2417 2027 2471 certius

325 2511 385 2563 et
417 2508 580 2563 citius
605 2508 708 2574 (uti
736 2509 1098 2576 arbitrantur)
1127 2509 1417 2563 ditescant.
1481 2510 1667 2579 Aegre
1698 2510 2027 2565 crediderim

322 2601 538 2669 longius
563 2618 730 2670 quam
755 2601 992 2671 Phasim,
1014 2602 1100 2656 vel
1132 2602 1207 2656 ad
1236 2619 1506 2657 summum
1532 2620 1697 2673 quam
1727 2604 2029 2674 Sarapano-

326 2710 449 2747 rum
466 2693 770 2749 Castellum
791 2695 973 2762 (hodie
991 2694 1375 2765 Scharopam')
1396 2695 1499 2750 hac
1516 2697 1741 2765 regione
1758 2696 2029 2752 Nostrum

329 2788 676 2857 processisse.

431 2881 487 2933 A
522 2879 790 2935 Sardibus
826 2878 900 2934 ad
938 2879 1104 2935 Susas
1140 2897 1317 2950 usque
1353 2882 1567 2937 munita
1606 2885 1728 2937 erat
1767 2882 1859 2936 via
1890 2898 2031 2951 quae

325 2970 660 3027 militaribus
704 2972 894 3027 usibus
940 2973 1205 3028 inservire
1252 2978 1453 3044 posset,
1489 2974 1729 3030 castellis
1762 2973 1869 3029 huc
1902 2974 2031 3031 illuc

329 3065 535 3133 positis.
607 3065 692 3121 Ex
739 3066 826 3119 his
871 3065 1088 3135 insigne
1127 3068 1437 3136 exemplum
1478 3067 1748 3137 praebent
1788 3068 2030 3136 Critalla„

329 3173 438 3226 quo
471 3159 792 3213 convenisse
838 3159 1032 3214 scribit
1064 3158 1273 3213 Noster
1308 3158 1509 3212 Xerxis
1544 3159 1743 3229 copias,
1774 3177 1899 3213 cum
1936 3176 2032 3213 rex

329 3248 440 3302 isto
468 3248 736 3304 Graeciae
751 3232 974 3305 'benum
1003 3247 1347 3305 intendebat.
1420 3248 1543 3301 sita
1571 3248 1743 3305 fuisse
1775 3251 2035 3305 videntur
