2250 3500
1352 29 1376 48 l

389 145 417 192 1
423 145 485 194 64
984 149 994 165 ‘
1003 143 1350 194 ΗΡΟΔΟΤΟΤ
1879 139 1982 203 [ῙῙ.

383 221 492 302 ἐγώ
532 223 638 298 μὲν
677 222 940 299 ἔλπομαι,
983 224 1032 282 εἰ
1075 223 1170 282 καὶ
1216 219 1382 286 αὗτός
1423 218 1687 299 Πρίαμος
1728 220 1987 280 συνοίκεε

380 309 596 389 Ἑλένῃ,
615 308 920 371 ἀποδοῦναι
939 308 1009 371 ἂν
1023 309 1197 386 αὐτὴν
1214 312 1371 370 τοῖσι
1385 307 1677 387 Ἀχαιοῖσι
1695 301 1987 384 μέλλοντά

381 421 450 477 γε
485 395 554 472 δὴ
589 401 701 458 τῶν
733 397 1052 475 παρεόντων
1087 400 1271 457 κακῶν
1306 394 1849 476 ἀπαλλαγήσεσθαι.
1919 393 1986 455 οὗ

382 486 488 560 μὲν
523 483 648 544 οὐδὲ
683 484 722 561 ἦ
758 485 1043 562 βασιληίη
1079 489 1135 549 ἐς
1166 483 1539 561 Ἀλέξανδρον
1576 475 1809 561 περιήῖε,
1838 481 1987 544 ὥστε

381 571 644 650 γέροντος
683 573 947 650 Πριάμου
987 572 1192 643 ἐόντος,
1229 570 1313 630 ἐπ’
1346 570 1531 649 ἐκείνῳ
1564 568 1637 628 τά
1678 569 1981 650 πρήγματα

386 660 544 720 εἶναι·
585 659 742 720 ἀλλά
765 659 1000 738 Ἕκτωρ,
1029 660 1121 719 καὶ
1148 658 1536 737 πρεσβύτερος
1563 657 1655 716 καὶ
1682 655 1822 733 ἀνὴρ
1852 658 1985 717 ἐκεί-

384 772 483 809 νου
505 751 734 826 μᾶλλον
754 747 872 817 ἐῶν,
893 747 1098 824 ἔμελλε
1125 746 1300 824 αὐτὴν
1319 745 1585 824 Πριάμου
1603 743 1987 809 ἀποθανόντος

386 834 888 913 παραλάμψεσθαι·
920 833 1020 895 τόν
1048 833 1113 894 οὗ
1141 837 1397 913 προσῆκε
1422 832 1696 892 ἀδικέοντι
1720 835 1797 910 τῷ
1822 831 1983 892 ἀδελ-

389 925 507 1001 φεῷ
533 922 859 999 ἐπιτρέπειν,
891 921 982 980 καὶ
1012 924 1193 982 ταῦτα
1222 921 1487 1002 μεγάλων
1514 923 1695 980 κακῶν
1720 919 1789 979 δι’
1815 919 1987 981 αὖτὸν

388 1009 814 1086 συμβαινόντων
856 1009 964 1088 ἰδίῃ
1001 1035 1066 1071 τε
1107 1010 1200 1070 καὶ
1240 1009 1387 1089 αὐτῷ
1424 1007 1517 1068 καὶ
1552 1009 1708 1069 τοῖσι
1746 1005 1987 1068 ἄλλοισι

387 1097 534 1156 πᾶσι
559 1096 766 1173 Τρωσί.
833 1094 964 1156 ἀλλ’
993 1094 1058 1157 οὔ
1084 1096 1197 1181 γοὶρ
1224 1096 1377 1176 εἶχον
1400 1095 1637 1171 Ἑλένην
1664 1092 1985 1166 ἀποδοῦναι,

390 1181 517 1244 οὐδὲ
559 1184 796 1265 λέγουσι
840 1184 1063 1246 αὑτοῖσι
1107 1184 1213 1261 τήν
1258 1184 1538 1260 ἀληθηΐην
1591 1184 1885 1244 ἐπίστευον
1932 1187 1988 1243 οἱ

378 1269 677 1348 Ἕλληνες,
705 1271 777 1336 ὥς
801 1274 905 1350 μὲν
930 1272 1040 1353 ἐγῶ
1063 1272 1290 1354 γνώμην
1315 1270 1717 1348 ἀποφαίνομαι,
1745 1274 1847 1331 τοῦ
1871 1270 1987 1330 δαι-

390 1359 586 1437 μονίου
631 1359 1150 1440 παρασκευάζοντος
1191 1359 1331 1424 ὅκως
1372 1359 1725 1437 πανωλεθρίῃ
1776 1357 1987 1418 ἀπολό-

387 1472 547 1525 μενοι
573 1451 886 1525 καταφανές
914 1451 1082 1510 τοῦτο
1110 1452 1265 1509 τοῖσι
1300 1446 1647 1525 ἀνθρώποισι
1681 1445 1987 1522 ποιήσωσι,

397 1535 470 1601 ὥς
513 1540 624 1597 τῶν
661 1536 924 1617 μεγάλων
961 1534 1315 1613 ἀδικημάτων
1352 1534 1599 1616 μεγάλαι
1640 1534 1754 1594 εἶσὶ
1794 1534 1889 1594 καὶ
1928 1536 1989 1594 αἶ

390 1623 648 1700 τιμωρίαι
680 1623 836 1700 παραὶ
870 1626 982 1684 τῶν
1013 1623 1174 1684 θεῶν.
1246 1623 1341 1684 καὶ
1378 1626 1555 1684 ταῦτα
1592 1623 1713 1700 μὲν,
1747 1624 1823 1701 τῇ
1861 1623 1989 1700 ἐμοὶ

392 1707 586 1781 δοκέει,
613 1709 842 1788 εἴρηται.

301 1796 412 1857 121
475 1797 734 1873 Πρωτέος
755 1797 814 1856 δὲ
831 1796 1161 1869 ἐκδέξασθαι
1176 1798 1283 1876 τήν
1296 1798 1613 1877 βασιληίην
1624 1797 1988 1876 Ῥαμψίνιτον

393 1884 607 1965 ἔλεγον·
635 1882 696 1949 ὃς
718 1885 1052 1963 μνημόσυνα
1079 1887 1303 1947 ἐλίπετο
1322 1888 1393 1947 τοὶ
1412 1885 1739 1965 προπύλαια
1756 1884 1828 1945 τοὶ
1847 1886 1989 1963 πρός

396 1972 638 2050 ἑσπέρην
661 1974 1012 2052 τετραμμένα
1034 1978 1135 2034 τοῦ
1152 1974 1545 2051 Ἡφαιστείου,
1562 1973 1779 2037 ἀντίους
1799 1972 1860 2032 δὲ
1879 1978 1989 2033 τῶν

393 2062 755 2141 προπυλαίων
781 2064 987 2138 ἔστησε
1017 2061 1340 2140 ἀνδριάντας
1372 2061 1471 2121 δύο
1505 2061 1695 2125 ἐόντας
1725 2060 1793 2121 τὰ
1816 2061 1987 2143 μέγα·

395 2150 494 2215 θος
531 2150 697 2211 πέντε
735 2150 829 2211 καὶ
871 2151 1077 2211 ἐείκοσι
1115 2150 1359 2229 πηχέων·
1402 2152 1514 2210 τῶν
1553 2148 1853 2230 Αἰγύπτιοι
1888 2148 1990 2209 τόν

394 2240 498 2314 μὲν
515 2238 656 2316 πρὸς
677 2240 866 2315 βορέω
891 2242 1135 2300 ἑστεῶτα
1156 2237 1424 2297 καλέουσι
1450 2237 1627 2313 θέρος,
1646 2236 1747 2297 τὸν
1766 2236 1827 2296 δὲ
1851 2236 1991 2314 πρός

397 2324 561 2385 νότον
585 2329 850 2404 χειμῶνα·
893 2327 986 2387 καὶ
1015 2324 1115 2387 τᾶν
1146 2326 1253 2403 μὲν
1284 2325 1556 2385 καλέουσι
1586 2325 1763 2401 θέρος,
1793 2326 1994 2384 τοῦτον

397 2412 501 2487 μὲν
519 2412 935 2486 προσκυνέουσί
955 2436 1020 2474 τε
1046 2414 1141 2473 καὶ
1162 2412 1221 2473 εὖ
1242 2413 1518 2473 ποιέουσι·
1545 2410 1645 2473 τᾶν
1664 2412 1725 2472 δὲ
1747 2415 1995 2491 χειμῶνα

401 2496 738 2573 καλεύμενον
774 2499 846 2560 τὰ
888 2500 1132 2576 ἔμπαλιν
1171 2499 1379 2563 τούτων
1421 2500 1659 2578 ἔρδουσι.
1744 2502 1996 2559 πλοῦτον

399 2583 460 2643 δὲ
493 2585 670 2666 τούτῳ
703 2590 782 2667 τῷ
815 2588 1058 2665 βασιλέϊ
1089 2589 1357 2671 γενέσθαι
1392 2586 1634 2670 ἀργύρου
1667 2588 1865 2668 μέγαν,
1894 2587 1997 2648 τόν

399 2670 596 2746 οὐδένα
620 2678 730 2736 τῶν
759 2674 997 2754 ὕστερον
1025 2677 1441 2754 ἐπιτραφέντων
1470 2676 1763 2753 βασιλέων
1794 2674 1998 2735 δύνασ-

399 2761 495 2822 θαι
517 2761 966 2840 ὑπερβαλέσθαι,
995 2763 1108 2825 οὐδ’
1134 2764 1297 2847 ἐγγῦς
1323 2764 1527 2826 ἐλθεῖν·
1557 2762 1914 2841 βουλόμενον
1936 2762 2001 2824 δὲ

399 2848 568 2910 ‹nh-<311
607 2855 666 2911 ἐν
700 2850 1000 2931 ἀσφαληΐῃ
1036 2850 1108 2912 τοὶ
1146 2851 1411 2931 χρήματα
1446 2851 1820 2929 θησαυρίζειν,
1853 2853 2000 2911 οἶκο-

401 2936 704 3012 δομέεσθαι
729 2939 936 3017 οἴκημα
969 2939 1186 3000 λίθινον
1210 2943 1311 2999 τοῦ
1341 2943 1452 3000 τῶν
1476 2940 1682 3019 τοίχων
1716 2940 1813 2999 ἕνα
1846 2942 1901 3001 ἐς
1931 2936 2001 2999 τό

401 3024 502 3091 ἔξω
525 3024 693 3101 μέρος
723 3029 824 3102 τῆς
851 3025 1024 3101 οἰκίης
1051 3025 1214 3104 ἔχειν·
1254 3024 1355 3086 τᾶν
1381 3026 1441 3086 δὲ
1469 3026 1855 3108 ἐργαζόμενον,
1886 3031 2002 3085 ἐπι-

402 3110 766 3183 βουλεύοντα,
813 3112 946 3172 τάδε
997 3113 1381 3189 μηχανᾶσθαι·
1433 3118 1546 3173 τῶν
1598 3115 1774 3175 λίθων
1824 3138 2003 3191 παρα-

395 3196 798 3257 σκευάσασθαι
849 3200 946 3258 ἕνα
998 3198 1279 3273 ἐξαιρετὸν
1332 3199 1471 3261 εἶναι
1526 3206 1587 3259 ἐκ
1648 3206 1750 3261 τοῦ
1808 3202 2009 3281 τοίχου

403 3280 620 3351 ῥηϊδίως
667 3284 762 3341 καὶ
797 3283 910 3343 &vra
935 3283 1056 3349 ,δύο
1094 3282 1308 3362 ἀνδρῶν
1351 3288 1443 3346 καὶ
1485 3285 1597 3347 ὑπὸ
1642 3287 1781 3352 ἑνός·
1832 3286 1906 3352 ὥς
1944 3288 2011 3348 δὲ
