2250 3500
343 132 440 180 156
953 127 1322 178 ‘HPOAomo‘r
1775 139 1781 143 ·
1842 125 1944 192 [11.

341 209 465 287 μόν,
499 209 591 268 καὶ
625 208 932 285 Μάκρωνες
963 211 1018 268 οἰ
1051 207 1308 268 τούτοισι
1331 206 1723 288 ἀστυγείτονες
1750 205 1948 279 ἐόντες,

343 295 456 356 ἅπό
485 295 729 374 Κόλχων
771 297 921 372 φασὶ
960 296 1161 358 νεωστὶ
1199 293 1599 371 μεμαθηκέναι·
1658 293 1814 354 οὗτοι
1839 295 1951 376 γάρ

344 387 456 443 εἰσι
491 386 546 443 οἱ
575 383 1038 460 περιταμνόμενοι
1069 381 1371 458 ἀνθρώπων
1403 385 1622 460 μοῦνοι.
1678 383 1773 441 καὶ
1798 380 1953 452 οὗτοι

344 471 705 552 Αἰγυπτίοισι
764 471 1057 547 φαίνονται
1118 474 1401 534 ποιεῦντες
1461 468 1605 529 κατοὶ
1665 468 1737 529 τοὶ
1790 468 1951 542 αὖτοὶ,

346 558 527 636 αὐτῶν
566 559 628 618 δὲ
667 559 987 641 Αἰγυπτίων
1028 559 1120 617 καὶ
1162 555 1447 618 Αἰθιόπων
1488 555 1590 617 οὔκ
1632 556 1739 636 ἔχω
1780 561 1954 618 εἰπεῖν

323 645 604 725 ’ὁκότεροι
635 646 789 723 παρὰ
827 649 940 706 τῶν
980 644 1179 721 ἐτέρων
1220 644 1509 721 ἐξέμαθον·
1564 641 1803 723 ἀρχαῖον
1840 644 1953 725 γαῖρ

344 734 416 811 δή
453 761 510 795 τι
552 735 808 812 φαίνεται
849 732 958 793 ἐόν·
1019 731 1090 796 ὥς
1130 730 1177 792 δ’
1220 730 1647 812 ἐπιμισγόμενοι
1685 729 1953 812 Αἰγύπτῳ

347 823 631 900 ἐξέμαθον,
686 821 836 902 μέγα
886 845 986 896 μοι
1041 820 1135 880 καὶ
1186 818 1316 880 τόδε
1365 817 1665 896 τεκμήριον
1716 819 1949 899 γίνεται·

344 909 610 970 Φοινίκων
663 907 861 968 ὁκόσοι
903 911 976 986 τῇ
1022 904 1263 966 Ἑλλάδι
1310 905 1719 986 ἐπιμίσγονται,
1769 904 1951 967 οὐκέτι

343 995 680 1076 Αἰγυπτίους
732 993 1028 1073 μιμέονται
1081 993 1224 1054 κατὰ
1268 993 1342 1054 τοὶ
1387 993 1587 1063 αἰδοῖα,
1636 991 1795 1052 οἷλλαῖ
1838 997 1951 1055 τῶν

251 1085 365 1144 105
384 1082 778 1165 ἐπιγινομένων
819 1081 885 1144 οὗ
937 1081 1343 1161 περιτάμνουσι
1395 1079 1470 1142 τοὶ
1522 1079 1724 1142 αἰδοῖα.
1805 1080 1949 1160 Φέρε

341 1197 438 1231 νυν
463 1172 556 1230 καὶ
581 1170 732 1231 ἄλλο
761 1171 896 1231 εἴπω
921 1171 1052 1249 περὶ
1075 1169 1471 1249 τῶνΚόλχων,
1496 1167 1568 1232 ὥς
1582 1167 1947 1249 Αἰγυπτίοισι

339 1257 691 1337 προσφερέες
727 1259 856 1319 εἰσί.
939 1259 1098 1319 λίνον
1129 1261 1329 1334 μοῦνοι
1363 1253 1524 1317 οὗτοί
1552 1280 1616 1316 τε
1647 1255 1741 1314 γκαὶ
1777 1254 1945 1338 Αἰγύ-

339 1372 494 1407 πτιοι
521 1346 846 1428 ἐργάζονται
873 1345 1015 1406 κατὰ
1037 1344 1111 1406 τοὶ
1138 1343 1297 1404 αὐτά.
1352 1343 1445 1403 καὶ
1470 1341 1509 1418 ἦ
1538 1341 1639 1418 ζόη
1666 1345 1829 1403 πᾶσα
1854 1343 1947 1404 καὶ

339 1434 379 1510 ἦ
404 1439 652 1516 γλῶσσα
674 1432 920 1512 ἐμφερής
949 1438 1073 1494 ἐστι
1097 1431 1430 1509 ἀλλήλοισι.
1483 1429 1643 1492 λίνον
1670 1430 1731 1489 δὲ
1755 1430 1822 1491 τὸ
1842 1434 1947 1507 μὲν.

341 1518 1403 1602 Κολχικόν,ὕπὸ”ΕλλήνωνΣαρδονικὸν
1420 1517 1706 1594 κέκληται·
1732 1518 1799 1578 τό
1815 1518 1944 1595 μέν·

338 1635 427 1670 τοι
453 1609 548 1670 ἀπ’
578 1609 865 1690 Αἰγύπτου
893 1605 1288 1684 ἀπικνεύμενον
1316 1604 1575 1666 καλέεται
1600 1603 1927 1686 Αἰγύπτιον.

247 1699 362 1758 106
423 1695 537 1761 Τοῖς
562 1697 622 1756 δὲ
649 1695 869 1772 στήλας
893 1695 994 1759 τὰς
1032 1695 1167 1755 ἵστα
1208 1693 1350 1755 καταῖ
1374 1693 1475 1759 τὰς
1504 1691 1692 1773 χώρας
1716 1691 1749 1754 ὅ
1775 1695 1943 1776 Αἰγύ-

337 1809 482 1843 πτου
528 1781 808 1861 βασιλεῦς
854 1781 1194 1859 Σέσωστρις,
1232 1786 1303 1842 <uz
1342 1786 1447 1859 μὲν
1486 1786 1719 1845 πλεῦνες
1760 1781 1943 1843 οὐκέτι

337 1872 633 1948 φαίνονται
673 1872 1018 1948 περιεοῦσαι·
1061 1875 1120 1931 ἐν
1157 1871 1217 1930 δὲ
1256 1874 1328 1950 τῇ
1359 1869 1725 1949 Παλαιστίνῃ
1767 1871 1942 1950 Συρίῃ

335 1958 502 2023 αύτός
541 1958 700 2037 ὅρεον
733 1957 951 2030 ἐούσας,
981 1958 1072 2018 καὶ
1110 1957 1185 2018 τοὶ
1223 1956 1528 2039 γράμματα
1565 1957 1639 2018 τοὶ
1678 1957 1941 2035 εἰρημένα

335 2047 573 2120 ἐνεόντα,
627 2047 720 2107 καὶ
773 2046 1036 2129 γυναικὸς
1095 2046 1299 2106 αἰδοῖα.
1381 2046 1494 2106 εἰσί
1554 2045 1615 2105 δὲ
1668 2045 1762 2104 καὶ
1811 2046 1940 2124 περὶ

331 2135 544 2212 Ἰωνίην
569 2137 668 2199 δύο
694 2133 864 2197 τύποι
891 2140 950 2195 ἐν
969 2132 1213 2213 πέτρῃσι
1240 2130 1714 2215 ἐγκεκολαμμένοι
1739 2132 1939 2193 τούτου

331 2229 432 2284 τοῦ
457 2223 672 2301 ἀνδρὸς,
693 2227 766 2300 τῇ
790 2248 854 2283 τε
881 2227 942 2281 ἐκ
968 2226 1068 2297 τῆς
1085 2221 1359 2297 Ἐφεσίης
1386 2225 1443 2301 ἐς
1467 2219 1724 2280 Φώκαιαν
1750 2220 1937 2300 ἔρχον-

332 2336 442 2380 ται,
484 2311 577 2369 καὶ
615 2313 688 2387 τῇ
729 2315 790 2368 ἐκ
831 2308 1083 2387 Σαρδίων
1123 2314 1179 2372 ἐς
1219 2307 1499 2386 Σμύρνην·
1517 2323 1522 2329 ’
1543 2306 1839 2385 ἑκατέρωθι
1878 2309 1937 2369 δὲ

333 2396 475 2472 οἶνῆρ
514 2396 908 2477 ἐγγέγλυπται,
941 2394 1188 2477 μέγαθος
1217 2396 1475 2473 πέμπτης
1514 2396 1823 2472 σπιθαμῆς,
1864 2400 1937 2476 τῇ

330 2485 436 2559 μὲν
474 2482 626 2561 δεξιῇ
666 2482 792 2561 χερὶ
831 2482 977 2561 ἔχων
1018 2482 1229 2561 αἰχμήν
1267 2488 1340 2563 τῇ
1380 2484 1440 2543 δὲ
1478 2481 1748 2561 ἀριστερῇ
1778 2482 1935 2554 τόξα,

334 2570 426 2630 καὶ
451 2568 556 2646 τὴν
581 2568 767 2645 ἄλλην
794 2568 1000 2647 σκευὴν
1033 2568 1314 2635 ὡσαύτως·
1357 2572 1449 2631 καὶ
1479 2570 1591 2652 γὰρ
1623 2570 1936 2650 Αἰγυπτίην

333 2660 426 2718 καὶ
457 2657 760 2718 Αἰθιοπίδα
800 2659 932 2738 ἔχει·
975 2662 1037 2717 ἐκ
1077 2657 1139 2718 δὲ
1176 2663 1280 2719 τοῦ
1319 2658 1471 2735 ὤμου
1513 2663 1569 2722 ἐς
1607 2657 1707 2718 τᾶν
1748 2657 1935 2735 ἕτερον

333 2744 482 2824 ὦμον
535 2746 627 2806 διὰ
674 2750 785 2806 τῶν
838 2745 1090 2822 στηθέων
1147 2744 1453 2827 γράμματα
1508 2744 1599 2821 ἱροὶ
1652 2743 1936 2827 Αἰγύπτια

331 2830 506 2910 διήκει
531 2833 1000 2915 ἐγκεκολαμμένα,
1027 2832 1270 2915 λέγοντα
1292 2833 1441 2894 τάδε·
1482 2838 1635 2893 ΕΓΩ
1662 2838 1933 2893 ΤΗΝΔΕ

329 2926 496 2981 ΤΗΝ
551 2926 827 2982 ΧΩΡΗΝ
877 2923 1162 2986 ΩΜΟῙΣῙ
1212 2922 1423 2985 ΤΟῙΣῙ
1471 2921 1755 2985 ΕΜΟῙΣῙ
1800 2925 1933 2979 ΕΚ-

330 3010 745 3074 ΤΗΣΑΜΗΝ.
825 3006 984 3072 ὅστις
1023 3008 1086 3067 δὲ
1128 3007 1220 3065 καὶ
1267 3006 1464 3068 ὁκόθεν
1505 3007 1645 3079 ἐστὶ,
1690 3009 1930 3069 ἐνθαῦτα

327 3096 432 3169 μὲν
471 3095 537 3154 οὗ
569 3096 748 3172 δηλοῖ,
777 3094 1002 3173 ἑτέρωθι
1027 3094 1086 3152 δὲ
1113 3092 1407 3168 δεδήλωκε·
1448 3094 1519 3154 τὰ
1552 3095 1621 3171 δή
1659 3096 1751 3154 καὶ
1775 3119 1932 3172 μετε-

331 3177 542 3255 ξέτεροι
572 3187 684 3243 τῶν
711 3181 1069 3259 θεησαμένων
1096 3178 1393 3255 Μέμνονος
1420 3181 1605 3251 εἰκόνα
1647 3182 1933 3255 εἰκάζουσί

328 3285 428 3336 μιν
453 3266 608 3337 εἶναι,
634 3268 784 3328 πολύ
811 3272 914 3343 τῆς
937 3264 1213 3341 ἀληθηίης
1236 3265 1731 3346 ἀπολελειμμένοι.
