2250 3500
302 62 396 110 344
924 58 1288 108 ·nP0A0·1*0¹r
1309 114 1316 119 ,
1779 60 1907 126 [IV.

476 144 541 190 Al
570 143 631 189 τὺ
664 143 777 199 ἐμεῦ
798 140 979 203 Διβύην
1000 141 1457 202 μηλοτρόφονοῖδας
1481 142 1672 201 ἄμεινον

470 214 537 272 μὴ
562 214 713 260 ἐλθὼν
747 213 979 270 ἐλθόντος,
1020 212 1147 272 ἅγαν
1181 213 1384 271 ἄγαμαι·
1402 215 1575 274 σοφίην
1610 233 1711 263 σευ.

310 296 683 358 Ἀκούσαντες
711 297 769 354 δὲ
787 295 995 356 τούτων
1014 299 1065 354 οἱ
1082 295 1233 371 οἷμφὶ
1249 295 1348 355 τόν
1369 297 1589 358 Βάττον
1604 297 1910 360 ἀπέπλωον

302 382 503 444 ὀπίσω·
547 383 610 442 οὗ
645 383 755 463 γὰρ
796 383 864 460 δή
907 390 1091 459 σφεας
1124 381 1274 442 ἀπίει
1301 383 1332 442 ὁ
1361 384 1486 447 θεὸς
1521 390 1622 460 τῆς
1649 386 1912 464 ἀποικίης

306 471 435 548 πρὶν
456 471 524 547 δὴ
552 471 854 532 α’,πίκωνται
882 477 936 534 ἐς
952 471 1122 547 αὐτὴν
1143 470 1246 546 τὴν
1267 472 1510 547 Λιβύην.
1581 472 1916 550 ἀπικόμενοι

305 558 365 617 δὲ
392 564 446 622 ἐς
472 559 575 634 τὴν
590 564 766 634 νῆσον
795 560 886 634 καὶ
914 559 1296 635 ἀναλαβόντες
1321 558 1421 619 τόν
1448 562 1660 630 ἔλιπον,
1683 562 1912 622 ἔκτισαν

302 646 473 723 αὖτῆς
498 651 599 722 τῆς
624 647 843 722 Λιβύης
862 651 1045 726 χῶρον
1066 645 1254 706 ἀντίον
1268 650 1367 721 τῆς
1393 645 1570 722 νήσου
1595 653 1672 726 τῷ
1697 647 1922 726 οὕνομα,

300 733 371 810 ἦν
399 733 629 811 Ἀζιριῦ
672 734 770 794 τᾶν
812 734 983 794 νάπαι
1022 759 1085 794 τε
1132 733 1439 793 κάλλισται
1481 734 1567 792 ἐπ’
1609 734 1909 813 ἀμφότερα

304 823 677 902 συγκληίουσι
717 823 807 880 καὶ
838 823 1089 899 ποταμός
1120 819 1193 880 τᾶ
1233 822 1323 880 ἐπὶ
1357 822 1564 899 θάτερα
1589 826 1907 900 παραρρέει.

216 912 324 968 158
343 914 551 968 Τοῦτον
579 911 756 969 οἴκεον
783 909 881 968 τόν
907 914 1090 988 χῶρον
1118 910 1179 977 ἓξ
1206 911 1346 967 ἔτεα·
1390 909 1610 988 ἑβδόμῳ
1637 910 1700 968 δέ
1725 917 1911 986 σφεας

303 998 411 1056 ἔτεϊ
435 996 916 1074 παραιτησάμενοι
944 999 997 1054 οἱ
1024 997 1252 1072 Λίβυες,
1277 995 1348 1059 ὦς
1369 1001 1423 1058 ἐς
1441 995 1705 1073 ἀμείνονα
1724 1003 1910 1076 χῶρον

303 1083 517 1153 ἄξουσι,
546 1082 866 1164 ἀνέγνωσαν
895 1087 1164 1143 ἐκλιπεῖν.
1225 1083 1366 1164 ἦγον
1383 1084 1444 1143 δέ
1459 1091 1643 1160 σφεας
1660 1086 1910 1146 ἐνθεῦτεν

304 1175 358 1230 οἱ
381 1173 591 1247 Λίβυες
616 1169 1037 1246 ἀναστήσαντες
1064 1172 1205 1249 πρός
1232 1172 1495 1249 ἑσπέρην·
1532 1173 1622 1230 καὶ
1649 1172 1748 1230 τὸν
1769 1172 1906 1231 κάλ-

303 1263 503 1319 λιστον
544 1263 653 1319 τῶν
700 1259 892 1338 χώρων
940 1261 1027 1319 ἵνα
1077 1258 1365 1329 διεξιόντες
1410 1263 1463 1318 οἱ
1506 1259 1786 1335 Ἕλληνες
1826 1262 1909 1338 μή

304 1348 487 1418 ἴδοιεν,
522 1348 1051 1425 συμμετρησάμενοι
1082 1347 1186 1421 τὴν
1217 1345 1361 1424 ὥρην
1391 1351 1492 1422 τῆς
1529 1347 1756 1424 ἡμέρης,
1783 1375 1907 1408 νυκ-

304 1436 399 1499 τὰς
422 1441 696 1517 παρῆγον·
740 1436 858 1495 ἔστι
887 1436 945 1494 δὲ
970 1439 1047 1514 τῷ
1071 1433 1236 1513 χώρῳ
1255 1434 1430 1514 τούτῳ
1453 1434 1664 1512 οὕνομα
1678 1435 1910 1512 Ἴρασα·

301 1523 604 1604 ἀγαγόντες
658 1524 721 1583 δέ
770 1529 954 1599 σφεας
1001 1523 1092 1583 ἐπὶ
1150 1522 1353 1598 κρήνην
1406 1523 1716 1602 λεγομένην
1769 1523 1912 1582 εἶναι

300 1610 663 1674 Ἀπόλλωνος
691 1612 869 1671 εἶπαν·
913 1621 948 1646 “
966 1611 1156 1688 ἄνδρες
1183 1610 1477 1686 Ἕλληνες,
1517 1610 1810 1670 ἑνθαῦτα“
1777 1615 1910 1686 υμῖν

304 1698 591 1772 επιτήδεον
619 1699 831 1758 οικέειν·
876 1698 1109 1759 ἐνθαῦτα
1145 1725 1256 1781 γαρ
1287 1726 1316 1758 ο
1346 1698 1574 1776 οὐρανὸς
1598 1699 1910 1776 ‘remmam-²²

212 1790 339 1898 159„
423 1784 557 1842 Ἐπὶ
595 1786 699 1862 μέν
731 1811 827 1845 νυν
864 1785 1091 1845 Βάττεῶ
1124 1814 1188 1846 τε
1219 1792 1318 1847 τοῦ
1353 1787 1608 1846 οἰκιστέω
1633 1791 1734 1861 τῆς
1761 1787 1910 1864 ζόης,

303 1871 627 1949 αρ’ξαντος
602 1873 693 1931 επὶ
728 1872 1150 1951 τεσσεράκοντα
1177 1902 1315 1945 ετεα,
1347 1875 1439 1933 καὶ
1463 1878 1564 1933 τοῦ
1591 1874 1787 1937 παιδος
1814 1902 1910 1935 αυ-

304 1964 404 2020 τοῦ
442 1960 799 2038 Ἀρκεσίλεω,
828 1960 1093 2039 αρξαντος
1137 1963 1486 2021 εκκαίδεκα”
1457 1988 1596 2031 ετεα,
1636 1962 1815 2020 οἴκεον
1857 1966 1914 2021 οἱ

305 2052 625 2126 Κυρηναῖοι,
663 2046 841 2111 ἐόντες
876 2051 1140 2107 τοσοῦτοι
1173 2048 1302 2107 ὅσοι
1335 2049 1514 2127 ἀρχὴν
1542 2053 1595 2111 ἐς
1621 2048 1724 2123 τὴν
1751 2047 1912 2108 οἶποι-

305 2137 429 2212 κίην
468 2137 811 2213 ἐστάλησαν·
857 2136 947 2196 ε’πὶ
979 2136 1037 2194 δὲ
1072 2141 1172 2196 τοῦ
1197 2137 1386 2212 τρίτου
1415 2134 1642 2195 Βάττεω
1667 2139 1767 2194 τοῦ
1801 2136 1912 2195 Εὖ-

308 2224 566 2302 δαίμονος
605 2227 942 2302 καλεομένου
964 2223 1255 2301 Ἕλληνας
1281 2224 1492 2286 πάντας
1519 2222 1746 2299 ὥρμησε
1772 2222 1912 2301 χρή-

306 2338 465 2371 σασα
507 2312 545 2387 ἦ
589 2314 777 2387 Πυθίη
820 2314 1011 2373 πλέειν
1058 2311 1494 2387 συνοικήσοντας
1542 2312 1916 2386 Κυρηναίοισι

306 2399 548 2474 Λιβύην·
594 2400 959 2457 ἐπεκαλέοντο
986 2400 1095 2479 γὰρ
1124 2404 1178 2458 οἱ
1199 2403 1505 2477 Κυρηναῖοι
1533 2397 1623 2457 ἐπὶ
1647 2401 1752 2478 γῆς
1780 2396 1912 2457 ἅνα-

308 2486 525 2564 δασμῷ.
596 2486 801 2565 ἔχρησε
830 2486 887 2543 δὲ
916 2484 1017 2544 ὦδε
1047 2488 1263 2565 ἔχοντα·

392 2598 485 2647 Ὃς
532 2600 583 2647 δέ
616 2616 695 2646 κεν
733 2600 778 2647 ἐς
811 2599 993 2661 Λιβύην
1028 2601 1332 2661 πολυηρατον
1363 2597 1562 2660 ὕστερον
1595 2600 1715 2659 ἔλθῃ

410 2672 504 2732 γᾶς
540 2672 890 2732 ἀναδαιομένας,
918 2671 1043 2729 μετά
1076 2671 1124 2719 οἵ
1154 2671 1282 2719 ποκά
1317 2678 1441 2732 φαμι
1472 2671 1716 2729 μελήσειν.

316 2773 731 2851 Συλλεχθέντος
774 2773 831 2831 δὲ
874 2772 1078 2848 ὁμίλου
1120 2776 1344 2831 πολλοῦ
1388 2776 1444 2833 ἐς
1483 2771 1586 2847 τήν
1630 2771 1912 2848 Κυρήνην,

310 2858 771 2935 περιταμνόμενοι
825 2863 933 2939 γῆν
986 2858 1214 2935 πολλὴν
1267 2863 1321 2918 οἱ
1375 2860 1643 2936 περίοικοι
1701 2860 1916 2933 Λίβυες

311 2945 402 3001 καὶ
444 2945 475 3003 ὅ
514 2946 793 3020 βασιλεῦς
834 2946 1012 3006 αὖτῶν
1052 2950 1129 3025 τῷ
1171 2946 1380 3023 οὕνομα
1410 2946 1482 3022 ἦν
1511 2944 1790 3023 Ἀδικράν,
1820 2947 1913 3005 οἷα

309 3034 409 3102 τῆς
453 3058 514 3089 τε
561 3058 744 3109 χωρης
801 3034 1224 3110 στερισκόμενοι
1280 3035 1372 3093 καὶ
1425 3033 1913 3111 περιϋβριζόμενοι

308 3138 417 3171 υπο
455 3120 563 3174 τῶν
599 3122 941 3193 Κυρηναίων,
970 3122 1341 3198 πέμψαντες’
1316 3149 1370 3184 ες
1397 3123 1681 3202 Αἶγιηιτον
1709 3120 1914 3180 ἔδοσαν

311 3198 494 3266 σφέας
535 3226 731 3263 αυτους
768 3202 973 3281 Ἀπρίῃ
1014 3211 1089 3283 τῷ
1133 3208 1420 3286 Αἰγύπτου
1463 3208 1721 3284 βασιλέϊ·
1771 3235 1804 3267 ο
1849 3208 1912 3266 δὲ
