2250 3500
291 77 517 146 77-79]
894 79 1342 132 umnoumm.
1799 84 1896 136 ιιι

286 159 512 223 πείθεος
547 161 652 220 τοῦ
686 157 1055 240 Ἀγαθύρσων
1094 161 1392 236 βασιλέος·
1429 160 1654 239 Σκύλης
1691 161 1754 223 δέ
1789 162 1896 240 τήν

287 273 351 307 τε
376 247 693 322 βασιληίην
718 247 1029 323 παρέλαβε,
1059 247 1152 305 καὶ
1175 247 1281 322 τήν
1301 251 1535 328 γυναῖκα
1557 249 1661 310 τοῦ
1685 251 1926 327 πατρός·

286 338 361 413 τῇ
390 334 599 410 οὕνομα
624 333 695 410 ἦν
720 334 963 412 Ὀποίηῇ
986 332 1057 408 ἦν
1082 334 1145 394 δὲ
1169 333 1308 410 αὕτη
1333 335 1370 410 ,η’
1397 335 1602 412 Ὀποίη
1630 335 1798 412 ἀστή,
1827 339 1892 409 ἐξ

288 419 358 497 ἦς
382 421 452 497 ἦν
468 421 701 498 Ὄρικος
725 419 1070 497 Ἀριαπείθεϊ
1099 423 1250 486 παῖς·
1292 422 1616 497 βασιλεύων
1655 423 1714 484 δὲ
1749 426 1888 490 Σκυ·

288 508 429 569 θέων
449 508 481 568 ὄ
506 508 729 584 Σκύλης
743 507 925 587 διαίτῃ
940 511 1043 584 μὲν
1063 506 1318 585 ούδαμῶς
1331 508 1604 586 ἠρέσκετο
1624 511 1886 592 Σκυθικῇ,

289 594 446 655 ἀλλὰ
465 596 688 656 πολλὰν
707 595 848 672 πρὸς
863 596 935 656 τὰ
952 593 1262 672 Ἑλληνικὰ
1277 600 1510 672 μᾶλλον,
1518 599 1891 675 τετραμμένος

289 681 363 758 ἦν
400 682 515 744 ἀπὸ
554 683 877 746 παιδεύσιος
914 686 1017 759 τῆς
1056 683 1435 744 ἐπεπαίδευτο·
1457 683 1662 745 ’ἐποίεέ
1689 711 1754 746 τε
1776 711 1886 748 τοι·

290 774 444 830 offro·
484 769 608 832 εὖτε
633 769 838 852 οἷγαῖγοι
870 769 976 846 τῆν
1004 769 1277 847 στρατιὴν
1305 770 1410 846 τήν
1446 772 1699 835 Σκυθέων
1738 778 1793 835 ἐς
1822 772 1890 834 rc)

294 857 770 934 Βορυσθενεϊτέων
816 855 979 932 ἄστυ,
1023 857 1100 936 (οἱ
1155 858 1216 918 δὲ
1266 859 1696 936 Βορυσθενεῗται
1738 856 1892 921 οὗτοι

295 945 532 1026 λέγουσι
564 946 749 1022 σφέας
780 943 981 1010 αύτούς
1016 945 1156 1004 εἶναι
1192 945 1556 1027 Μιλησίους,)
1590 951 1646 1010 ἐς
1667 946 1894 1012 τούτους

290 1031 431 1096 ὅκως
452 1033 608 1094 ἔλθοι
633 1031 667 1092 ὅ
695 1033 932 1109 Σκύλης,
948 1030 1052 1108 τήν
1068 1035 1174 1110 μὲν
1193 1032 1465 1110 στρατιήν
1486 1036 1890 1097 καταλείπεσκε

238 1190 245 1198 ἱ
294 1123 355 1180 ἐν
391 1125 469 1199 ‘ng
506 1121 839 1200 προαστείῳ,
866 1119 1035 1184 αύτός
1074 1119 1135 1180 δὲ
1175 1120 1313 1184 ὅκως
1344 1122 1500 1182 ἔλθοι
1533 1127 1590 1186 ἐς
1612 1122 1680 1183 τό
1707 1128 1892 1204 τεῖχος

294 1208 389 1267 καὶ
421 1208 522 1272 τσῖς
558 1207 741 1272 πύλας
777 1209 1111 1288 ἐγκληΐσειε,
1153 1208 1258 1282 τήν
1292 1209 1510 1284 στολήν
1546 1208 1890 1287 α’ποθέμενος

209 1368 213 1372 ¹
290 1293 397 1370 τήν
424 1295 716 1372 Σκυθικήν,
744 1296 1003 1373 λάβεσκε
1039 1293 1108 1355 ἂν
1140 1294 1446 1370 Ἑλληνίδα
1477 1298 1708 1371 ἐσθῆτα·
1751 1298 1890 1376 ἔχων

292 1381 341 1440 δ’
362 1381 430 1444 ἂν
454 1383 659 1459 ταύτην
683 1382 941 1464 ἠγόραζε,
959 1381 1085 1442 οὔτε
1112 1381 1437 1458 δορυφόρων
1463 1383 1741 1457 ἑπομένων
1767 1382 1893 1444 οὔτε

292 1466 475 1530 ἄλλου
501 1469 739 1535 οὐδενός·
769 1469 892 1549 (τὰς
918 1470 979 1529 δὲ
1003 1469 1190 1532 πύλας
1211 1468 1564 1550 ἐφύλασσον,
1579 1469 1661 1544 μή
1684 1470 1769 1533 τίς
1792 1495 1890 1546 μιν

294 1557 549 1622 Σκυθέων
572 1559 681 1618 ἴδοι
706 1559 907 1636 ἔχοντα
931 1555 1139 1632 ταύτην
1162 1554 1265 1631 τήν
1291 1554 1552 1636 στολήν)
1581 1557 1673 1614 καὶ
1697 1556 1888 1616 τᾶλλα

202 1681 210 1686 ·
294 1647 499 1724 ἐχρᾶτο
524 1645 704 1723 διαίτῃ
726 1644 1055 1722 Ἑλληνικῇ,
1084 1644 1176 1703 καὶ
1203 1643 1386 1704 θεοῖσι
1413 1644 1505 1721 ἱροὶ
1531 1643 1710 1704 ἐποίεε
1743 1645 1884 1706 κατὰ

292 1729 497 1809 νόμους
533 1731 665 1797 τούς
704 1731 1011 1808 Ἑλλήνων·
1072 1730 1167 1793 ὅτε
1205 1730 1267 1792 δὲ
1307 1731 1610 1811 διατρίψειε
1653 1735 1806 1810 μῆνα
1848 1731 1888 1811 ἦ

293 1820 471 1881 πλέον
518 1818 735 1892 τούτου,
788 1818 1202 1881 ἅπαλλάσσπο
1255 1819 1410 1884 ἐνδύς
1459 1820 1564 1895 τήν
1615 1822 1893 1897 Σκυθικήν

294 1906 532 1983 στολήν·
558 1912 735 1968 ταῦτα
758 1909 1017 1969 ποιέεσκε
1042 1905 1340 1970 πολλάκις·
1383 1906 1476 1967 καὶ
1501 1907 1648 1967 οἰκία
1671 1934 1734 1970 τε
1761 1909 1892 1969 ἐδεί-

292 2018 442 2071 ματο
480 2000 539 2056 ἐν
574 1994 915 2071 Βορυσθένεϊ
950 1994 1043 2053 καὶ
1064 1996 1302 2074 γυναῖκα
1327 1993 1499 2073 ἔγημε
1525 1998 1582 2057 ἐς
1608 1994 1748 2053 αὐτοὶ
1775 2000 1888 2055 ἐπι-

292 2083 522 2160 χωρίην.
588 2081 753 2141 Ἐπεί
772 2105 835 2142 τε
860 2080 921 2141 δὲ
949 2080 1064 2139 ἔδεέ
1088 2082 1143 2139 οἱ
1167 2082 1345 2143 κακῶς
1367 2079 1646 2160 γενέσθαι,
1675 2081 1892 2161 ἐγένετο
1910 2083 1986 2145 79

293 2168 412 2229 ἀπὸ
428 2168 750 2246 προφάσιος
764 2168 1011 2244 τοιῆσδε·
1033 2166 1352 2243 ἐπεθύμησε
1367 2165 1623 2246 Διονύσῳ
1638 2169 1892 2247 Βακχείῳ

292 2260 654 2333 τελεσθῆναι·
693 2256 967 2333 μέλλοντι
1006 2254 1069 2315 δέ
1100 2257 1158 2315 οἱ
1197 2258 1272 2319 ἐς
1287 2256 1480 2335 χεῖρας
1519 2253 1758 2336 ἄγεσθαι
1789 2256 1894 2331 τήν

294 2344 531 2421 τελετήν
566 2345 785 2425 ἐγένετο
825 2342 1035 2420 φάσμα
1067 2342 1357 2423 μέγιστον·
1397 2340 1468 2419 ἦν
1503 2344 1558 2403 οἱ
1592 2347 1650 2403 ἐν
1677 2349 1892 2421 Βορυσ-

296 2432 579 2493 θενεῖτέων
624 2436 696 2511 τῇ
742 2429 882 2491 πόλι
922 2430 1095 2506 οἰκίης
1131 2427 1386 2509 μεγάλης
1423 2430 1518 2490 καὶ
1555 2432 1894 2495 πολυτελέος

295 2518 599 2596 περιβολὴ,
622 2520 747 2598 (τῆς
766 2519 860 2577 καὶ
878 2516 1053 2599 ὀλίγῳ
1070 2543 1128 2578 τι
1146 2516 1418 2595 πρότερον
1441 2517 1650 2581 τούτων
1671 2519 1896 2597 μνήμην

298 2605 498 2687 εἶχον,)
514 2606 617 2683 τήν
635 2606 800 2683 πέριξ
823 2609 1025 2665 λευκοῦ
1045 2604 1210 2665 λίθου
1231 2606 1476 2687 σφίγγες
1492 2632 1556 2667 τε
1575 2606 1668 2666 καὶ
1686 2606 1893 2688 γρύπες

298 2694 570 2754 ἔστασαν·
613 2699 670 2757 ἐς
700 2692 909 2769 ταύτην
946 2691 981 2752 ὅ
1023 2693 1151 2757 θεός
1190 2692 1462 2769 ἐνέσκηψε
1499 2692 1694 2768 βέλος·
1735 2693 1828 2751 καὶ
1857 2691 1895 2766 ἦ

294 2806 402 2859 μεν
443 2779 683 2857 κατεκάη
722 2783 903 2841 πασὰ·
946 2779 1168 2855 Σκύλης
1206 2778 1266 2839 δὲ
1303 2778 1458 2839 οὐδὲν
1489 2776 1690 2839 τούτου
1717 2777 1896 2838 εἵνεκα

296 2866 490 2944 ἧσσον
540 2869 841 2943 ἐπετέλεσε
890 2866 995 2943 τὴν
1044 2864 1296 2940 τελετήν.
1389 2864 1627 2945 (Σκύθαι
1681 2866 1743 2925 δὲ
1792 2868 1894 2925 τοῦ

303 2954 602 3035 Βακχεύειν
640 2956 771 3034 πέρι
810 2954 1068 3030 Ἕλλησι
1106 2951 1454 3023 ὀνειδίζουσι·
1503 2951 1568 3012 ού
1605 2952 1716 3033 γάρ
1747 2958 1897 3027 φασι

300 3042 453 3107 οἶκός
484 3044 625 3105 εἶναι
660 3042 789 3103 θεὸν
826 3042 1159 3119 ἐξευρίσκειν
1192 3042 1393 3100 τοῦτον
1419 3038 1576 3103 ὅστις
1601 3040 1900 3117 μαίνεσθαι

300 3129 486 3211 ἐνάγει
510 3130 875 3208 ἀνθρώπους.)
937 3128 1062 3188 ἐπεί
1081 3152 1145 3189 τε
1169 3126 1230 3187 δὲ
1257 3128 1526 3204 ἐτελέσθη
1545 3131 1622 3205 τῷ
1648 3127 1899 3207 Βακχείῳ

299 3227 343 3271 ό
387 3216 626 3293 Σκύλης,
673 3214 1077 3293 διεπρήστευσε
1129 3218 1240 3275 τῶν
1289 3239 1374 3279 τις
1427 3214 1900 3293 Βορυσθενεϊτέων
