2250 3500
372 75 467 125 258
980 75 1346 126 ἮΡοΔοτοϊ
1837 72 1971 137 [111.

278 155 393 217 119
410 154 646 233 αὒχενας
670 154 864 230 σφέων
890 152 1192 231 ἔδησεμεαὶ
1219 151 1418 227 ἀπῆκε·
1461 154 1536 213 Οἱ
1555 152 1616 213 δὲ
1633 157 1712 231 τῷ
1735 154 1980 231 βασιλέῖ

371 240 650 302 δεικνύασι
677 241 921 310 ἐωυτούς,
950 240 1043 299 καὶ
1066 238 1173 314 τὴν
1199 240 1379 313 αἰτίην
1407 239 1562 300 εἷπον
1590 239 1658 299 δι’
1673 238 1746 315 ἣν
1770 266 1978 302 πεπον-

372 328 531 391 θότες
556 328 770 404 εἴησαν·
812 332 1048 407 Δαρεῖος
1074 328 1151 396 δὲ,
1170 326 1498 404 ἀρρωδήσας
1521 326 1604 405 μὴ
1632 332 1796 408 κοινῷ
1821 328 1979 409 λόγῳ

370 419 426 477 οἱ
464 416 527 486 ἓξ
562 416 927 493 πεποιηκότες
960 418 1091 477 ἔωσι
1120 420 1314 485 ταῦτα,
1343 416 1850 493 μεταπεμπόμενος
1882 419 1981 477 ἕνα

368 504 624 575 ἕκαστον,
666 502 1005 581 ἀπεπειρᾶτο
1043 500 1268 584 γνῶμης
1305 507 1356 563 εἰ
1387 504 1719 581 συνέπαινοί
1755 508 1867 564 εἶσι
1901 509 1982 585 τῷ

369 592 742 672 πεποιημένῳ·
783 592 909 652 ἐπεί
934 617 997 651 τε
1031 591 1091 651 δὲ
1127 591 1362 667 ἐξέμαθε
1388 590 1460 655 ὥς
1487 590 1553 651 οὗ
1579 588 1688 651 σῦν
1715 592 1977 654 ἐκείνοισι
2010 658 2014 661 ,

372 680 458 756 εἴη
488 685 665 741 ταῦτα
700 678 1027 754 πεποιηκὼς,
1056 678 1235 753 ἔλαβε
1261 676 1430 739 αὐτόν
1453 704 1517 738 τε
1553 677 1656 739 τὸν
1689 677 1976 759 Ἰνταφέρ-

328 809 337 817 -
375 792 475 827 νεα
509 768 601 827 καὶ
624 766 755 830 τούς
779 766 981 829 παῖδας
1006 764 1176 826 αὐτοῦ
1205 764 1299 824 καὶ
1321 765 1452 829 τούς
1477 765 1720 841 οἰκηίους
1743 766 1974 839 πάντας,

372 854 601 918 ἐλπίδας
639 854 863 917 πολλὰς
900 855 1041 933 ἔχων
1064 852 1210 930 μετὰ
1243 854 1355 913 τῶν
1381 852 1697 933 συγγενέων
1729 878 1828 929 μιν
1860 858 1976 917 ἐπι-

368 942 667 1017 βουλεύειν
721 945 777 1001 οἶ
830 941 1238 1001 ἐπανάστασιν·
1308 938 1626 1017 συλλαβῶν
1674 939 1738 999 δέ
1789 948 1978 1017 σφεας

370 1028 537 1104 ἔδησε
569 1028 674 1104 τήν
715 1029 807 1087 ἐπὶ
844 1027 1079 1107 θανάτῳ·
1120 1028 1160 1103 ἦ
1194 1028 1254 1087 δὲ
1283 1027 1426 1109 γυνή
1458 1031 1560 1088 τοῦ
1591 1026 1978 1107 Ἰνταφέρνεος

370 1115 681 1191 φοιτέουσα
721 1115 813 1175 ἐπὶ
841 1115 942 1179 τοὶς
968 1115 1140 1193 θύρας
1161 1118 1264 1175 τοῦ
1291 1115 1588 1191 βασιλέος,
1618 1117 1886 1177 κλαίεσκε
1909 1115 1978 1179 ἂν

370 1203 465 1263 καὶ
510 1201 862 1280 ὀδυρέσκετο·
911 1208 1153 1263 ποιεῦσα
1195 1202 1255 1261 δὲ
1296 1195 1418 1283 αἰεὶ,
1442 1201 1620 1263 τῶυτό
1659 1206 1845 1274 τοῦτο,
1877 1203 1976 1266 τόν

370 1294 611 1368 Δαρεῖον
652 1292 840 1351 ἔπεισε
880 1290 1152 1370 οἰκτεῖραί
1183 1315 1298 1366 μιν·
1352 1290 1581 1369 πέμψας
1623 1290 1684 1351 δὲ
1728 1289 1976 1373 ἄγγελον

369 1380 529 1461 ἔλεγε
564 1378 716 1440 τάδε·
759 1390 795 1416 “
814 1378 856 1438 ὦ
890 1377 1071 1460 γύναι,
1102 1376 1383 1455 βασιλεύς
1420 1402 1511 1437 τοι
1550 1382 1793 1455 Δαρεῖος
1834 1380 1979 1441 διδοῖ

365 1468 465 1528 ἕνα
489 1469 599 1527 τῶν
626 1467 921 1544 δεδεμένων
948 1466 1168 1542 οἰκηίων
1192 1465 1494 1545 ῥύσασθαι,
1519 1464 1620 1525 τόν
1643 1466 1942 1542 βούλεαι’
1914 1495 1974 1529 εκ

364 1554 605 1615 πάντων·
606 1553 638 1574 ”
678 1554 716 1630 ἦ
744 1556 805 1613 δὲ
826 1552 1323 1631 βουλευσαμένη“
1289 1553 1652 1629 υπεκρίναντο
1677 1553 1828 1614 τάδε·
1872 1566 1910 1593 “
1925 1560 1974 1617 εἰ

365 1643 470 1722 μὲν
497 1641 568 1715 δη
592 1666 691 1717 μοι
719 1641 865 1701 διδοῖ
886 1639 1227 1716 βασιλευςε
1202 1638 1322 1704 ενός
1351 1639 1456 1715 τήν
1483 1639 1688 1719 ψυχὴν,
1717 1642 1973 1721 αἱρέομαι

368 1733 429 1788 ἐκ
468 1726 691 1788 πάντων
729 1726 831 1790 rav
870 1724 1204 1804 ἀδελφεόν.”
1271 1727 1586 1806 πυθόμενος
1625 1726 1686 1788 δὲ
1734 1735 1974 1809 Δαρεῖος

363 1819 541 1877 ταῦτα
584 1816 679 1876 καὶ
722 1815 1023 1894 θωυμάσας
1062 1814 1164 1877 τᾶν
1205 1814 1400 1896 λόγον,
1441 1817 1672 1896 πέμψας
1715 1816 1971 1900 ἠγόρευε·

366 1913 403 1941 “
420 1902 463 1964 ὦ
486 1903 667 1985 γύναι,
700 1906 897 1984 εἰρωτᾷ
921 1929 993 1965 σε
1017 1903 1315 1980 βασιλεῦς,
1341 1904 1466 1964 τίνα
1505 1904 1721 1983 ἔχουσα
1745 1905 1974 1987 γνώμην

364 1990 465 2053 τᾶν
489 1989 662 2070 ἄνδρα
686 2017 749 2053 τε
774 1993 868 2052 καὶ
892 1991 965 2066 τοὶ
988 1992 1156 2054 τέκνα
1181 1995 1658 2072 ἐγκαταλιποῦσα,
1683 1992 1786 2054 τᾶν
1810 1993 1972 2055 ἀδελ-

366 2079 510 2156 φεόν
551 2080 700 2140 εἵλευ
730 2080 1003 2158 περιεῖναί
1032 2105 1141 2140 τοι·
1185 2077 1248 2142 ὃς
1284 2079 1378 2137 καὶ
1413 2078 1859 2160 ἀλλοτριώτερός
1881 2107 1976 2144 τοι

363 2171 473 2228 τῶν
512 2168 740 2239 παίδων,
784 2170 875 2228 καὶ
928 2165 1119 2244 ἧσσον
1173 2165 1577 2246 κεχαρισμένος
1625 2171 1728 2228 τοῦ
1771 2168 1975 2247 ἀνδρός

364 2254 541 2316 ἐστι.”
606 2281 643 2330 η
629 2255 711 2315 “’δ
739 2255 1009 2333 ἀμείβετο
1034 2254 1247 2318 τοῖσδε·
1288 2264 1324 2290 “
1342 2252 1385 2312 ὦ
1409 2253 1734 2330 βασιλεῦ,’
1698 2255 1840 2334 ανὴρ
1864 2257 1976 2334 μέν

364 2368 464 2418 μοι
498 2369 568 2402 αν
598 2343 777 2408 ἄλλος
814 2344 1036 2423 γένοιτο
1078 2346 1128 2404 εἰ
1170 2341 1378 2420 δαίμων
1419 2343 1624 2427 ἐθέλοι,
1667 2343 1763 2404 καὶ
1802 2345 1976 2406 τέκνα

360 2429 515 2488 ἄλλα
557 2455 605 2489 ει
637 2434 814 2490 ταῦτα
852 2429 1231 2507 ἀποβαλοιμι·
1271 2428 1485 2507 πατρός
1516 2429 1578 2490 δὲ
1619 2431 1715 2489 καὶ
1753 2432 1973 2510 μητρὸς

362 2516 462 2576 οὖκ
499 2518 579 2577 ἔτι
603 2542 709 2595 μευ
735 2517 997 2590 ζωόντων,
1024 2514 1368 2595 οἷδελφεὸς
1335 2542 1404 2578 αν
1430 2515 1611 2581 ἄλλος
1637 2516 1820 2579 οὐδενὶ
1844 2519 1973 2596 τρό-

359 2631 447 2684 πῳ
465 2605 705 2686 γένοιτο·
732 2605 907 2685 ταύτῃ
925 2609 998 2685 τῇ
1016 2605 1212 2688 γνώμῃ
1232 2605 1535 2685 χρεωμένη,
1557 2605 1723 2675 ἔλεξα
1740 2605 1974 2667 ἰἀῧτωω

360 2717 422 2752 ευ
444 2718 509 2752 τε
534 2692 604 2770 δή
631 2693 783 2764 ἔδοξε
808 2696 886 2772 τῷ
913 2693 1132 2773 Δαρείω
1153 2697 1324 2754 εἰπεῖν
1343 2691 1381 2770 ἤ
1407 2691 1568 2774 γυνὴ,
1585 2692 1685 2753 καί
1705 2696 1760 2753 οἶ
1785 2691 1976 2771 α’πῆκε

355 2778 559 2840 τοῦτόν
592 2805 655 2842 τε
684 2781 787 2842 τόν
820 2783 1154 2858 παραιτέετο
1181 2779 1274 2839 καὶ
1297 2784 1408 2840 τῶν
1433 2779 1670 2865 παίδων
1667 2779 1769 2841 τόν
1793 2806 1972 2859 πρεσ-

360 2865 627 2943 βύτατον,
668 2867 865 2945 ἡσθεὶς
919 2867 1079 2947 αὐτῇ·
1142 2866 1272 2932 τούς
1315 2867 1374 2926 δὲ
1417 2867 1630 2932 ἄλλους
1682 2866 1975 2930 ἀπέκτεινε

356 2950 590 3017 πάντας.
668 2959 783 3028 τῶν
828 2958 933 3032 μὲν
976 2956 1045 3032 δὴ
1093 2954 1236 3017 ἐπτοῗΙ
1283 2954 1360 3019 εἷς
1399 2955 1604 3023 ,αὐτίκα
1657 2955 1848 3038 τρόπῳ
1889 2961 1975 3038 τῷ

358 3041 623 3122 εἰρημένῳ
654 3039 967 3102 οἷπολῶλεε.
1139 3081 1148 3088 ·

264 3124 379 3182 120
463 3127 630 3187 Κατοὶ
675 3127 739 3188 δέ
778 3155 879 3189 κου
923 3128 1182 3206 μάλιστα
1226 3135 1332 3206 τήν
1378 3129 1714 3209 Καμβύσεω
1759 3135 1976 3195 νοῦσον

354 3209 571 3286 ἐγένετο
612 3213 763 3275 τάδε·
808 3215 919 3276 ow&
962 3213 1156 3294 Κύρου
1195 3219 1564 3283 κατασταθεὶς
1602 3217 1676 3296 ἦν
1715 3220 1973 3292 Σαρδίων
