2250 3500
375 111 602 177 ,ιτ-5ο]
1020 111 1347 164 nnuma.
1892 115 1989 164 133

383 191 610 261 αἰδοῖον,
647 191 740 250 καὶ
776 191 940 254 κινέει
973 195 1182 269 μοῦνον
1212 194 1315 252 τοῦ
1346 189 1625 270 σώματος,
1658 191 1782 253 ἔστι
1817 191 1991 272 λόγος

380 279 512 356 περὶ
537 278 710 340 αὐτοῦ
737 279 856 356 ἶρός
880 278 1203 360 λεγόμενος.
1260 278 1417 356 Ἤδη
1444 279 1519 340 ὦν
1544 280 1723 340 δοκέει
1746 304 1847 357 μοι
1872 286 1988 339 Με-
2008 283 2083 344 49

381 365 644 443 λάμπους
670 366 702 427 ὁ
727 366 1074 442 Ἀμυθέωνος
1107 370 1210 442 τῆς
1245 367 1445 443 θυσίης
1476 367 1679 444 ταύτης
1708 367 1809 426 οὐκ
1850 367 1990 428 εἶναι

381 453 576 530 α’δαής,
603 453 736 514 ἀλλ’
764 455 1042 532 ἔμπειρος.
1113 453 1373 532 Ἕλλησι
1396 454 1509 536 γάρ
1536 455 1607 532 δῆ
1636 456 1989 532 Μελάμπους

383 542 510 603 ἐστὶ
535 541 570 602 ὅ
596 541 1012 623 ἐξηγησάμενος
1036 545 1139 602 τοῦ
1167 542 1449 603 Διονύσου
1473 541 1541 603 τό
1565 568 1627 602 τε
1655 542 1867 620 οὕνομα
1894 545 1989 604 καὶ

380 628 487 704 τήν
514 629 716 706 θυσίην
741 629 836 688 καὶ
859 628 963 705 τὴν
993 629 1229 706 πομπῆν
1259 633 1363 690 τοῦ
1390 632 1637 706 φαλλοῦ.
1723 629 1989 708 ἀτρεκέως

382 719 486 793 μὲν
529 716 596 776 οὖ
647 715 832 777 πάντα
873 715 1191 794 συλλαβών
1234 716 1336 778 τόν
1376 717 1553 798 λόγον
1596 719 1787 798 ἔφηνε·
1854 717 1987 779 ἀλλ’

370 807 440 882 ρῖ
477 804 856 884 ἐπιγενόμενοι
891 803 1070 884 τούτῳ
1096 805 1378 881 σοφισταὶ
1411 805 1653 886 μεζόνως
1688 805 1983 885 ἐξέφηναν·
2072 857 2110 883 ,

381 892 484 952 τόν
507 891 555 951 δ’
583 890 658 952 ὦν
683 890 918 968 φαλλόν
942 891 1042 952 τὸν
1075 895 1155 972 τῷ
1180 892 1439 973 Διονύσῳ
1472 891 1834 971 πεμπόμενον
1868 900 1987 954 Με-

381 979 642 1056 λάμπους
687 980 814 1042 ἐστὶ
858 979 890 1040 ὁ
939 979 1419 1062 κατηγησάμενος·
1489 982 1584 1041 καὶ
1628 980 1743 1042 άπό
1784 979 1987 1043 τούτου

380 1066 657 1144 μαθόντες
701 1069 926 1128 ποιεῦσι
969 1067 1042 1128 τοὶ
1088 1072 1315 1128 ποιεῦσι
1350 1067 1649 1146 Ἕλληνες.
1730 1069 1839 1151 ἐγώ
1882 1071 1988 1149 μέν

382 1153 479 1216 νύν
504 1161 654 1233 φημι
685 1153 1046 1233 Μελάμποδα
1073 1155 1375 1236 γενόμενον
1404 1155 1579 1234 ἄνδρα
1614 1158 1821 1264 σοφὰν,
1846 1183 1983 1234 μαν-

379 1241 540 1318 τικήν
573 1269 636 1306 τε
655 1246 834 1323 ἐωυτῷ
864 1246 1177 1320 συστῆσαι,
1206 1245 1299 1303 καὶ
1339 1244 1655 1322 πυθόμενον
1686 1245 1783 1304 απ’
1818 1245 1986 1326 Λιγύ-

381 1357 528 1392 πτου
557 1331 712 1392 ἄλλα
745 1357 810 1392 τε
844 1331 1042 1391 πολλα
1074 1329 1479 1412 ἐσηγήσασθαι
1506 1331 1765 1407 Ελλησι
1800 1333 1893 1390 καὶ
1916 1359 1991 1394 τα

383 1445 514 1496 περι
538 1446 638 1481 τον
674 1418 970 1489 Διόνυσον,
998 1417 1173 1500 ὀλίγα
1202 1443 1383 1478 αυτων
1419 1418 1879 1496 παραλλάξαντα·
1920 1419 1987 1479 οὖ

381 1534 496 1590 γαρ
517 1507 584 1585 δη
605 1508 949 1586 συμπεσέειν
973 1533 1040 1588 γε
1061 1505 1233 1582 φήσω
1257 1507 1329 1566 τά
1352 1531 1415 1566 τε
1440 1510 1499 1566 ἐν
1517 1505 1780 1587 Αἰγύπτῳ
1804 1531 1989 1566 ποιευ-

381 1622 524 1674 μενα
563 1599 642 1676 τῷ
681 1597 788 1676 θεοῖ
826 1595 920 1656 καὶ
958 1594 1030 1655 τα
1065 1599 1124 1655 ἐν
1163 1596 1319 1655 τοῖσι
1348 1594 1624 1671 Ἕλλησι·
1692 1592 1989 1672 ὁμότροπα

381 1684 492 1765 γοὶρ
525 1683 594 1744 ἂν
623 1683 694 1761 ἦν
726 1687 880 1744 τοῖσι
909 1681 1185 1761 Ἕλλησι,
1212 1683 1306 1742 καὶ
1342 1679 1407 1742 ου
1444 1682 1644 1744 νεωστὶ
1684 1682 1987 1764 ἐσαγμένα.

389 1776 456 1835 σῦ
487 1774 602 1851 μὴν
643 1772 770 1834 οὐδὲ
809 1771 980 1849 φήσω
1020 1770 1161 1836 ὅκως
1186 1771 1485 1854 Αἰγύπτιοι
1522 1770 1655 1851 παρ’
1693 1771 1985 1848 Ἐλλήνων

385 1862 598 1939 ἔλαβον
621 1859 660 1937 ἢ
684 1864 853 1921 τοῦτο
878 1858 915 1936 ἢ
943 1858 1092 1919 ἄλλο
1121 1858 1223 1920 κού
1247 1885 1305 1920 τι
1330 1859 1579 1937 νόμαιον·
1620 1861 1901 1921 πυθέσθαι
1926 1862 1991 1921 δέ

383 1973 482 2024 μοι
502 1949 678 2009 δοκέει
700 1947 958 2026 μάλιστα
976 1946 1331 2026 Μελάμπους
1347 1947 1419 2008 τὰ
1438 1949 1567 2025 περὶ
1585 1948 1686 2008 τᾶν
1707 1947 1987 2009 Διόνυσον

383 2036 540 2115 παρὰ
571 2035 810 2113 Κάδμου
844 2061 908 2096 τε
938 2038 1040 2095 τοῦ
1081 2036 1303 2112 Τυρίου,
1332 2034 1424 2095 καὶ
1461 2039 1571 2095 τῶν
1612 2034 1722 2096 σῦν
1754 2033 1901 2113 αὐτῷ
1927 2040 1995 2095 ἐκ

383 2125 642 2201 Φοινίκης
675 2123 1022 2203 ἀπικομένων
1049 2127 1104 2188 ἐς
1141 2122 1247 2199 τὴν
1278 2125 1375 2183 νῦν
1412 2122 1684 2197 Βοιωτίην
1720 2122 1987 2199 καλεομέ-

383 2238 483 2289 νην
507 2212 714 2292 κόριν·

465 2301 680 2380 Σχεδόν
715 2300 774 2361 δὲ
807 2300 900 2360 καὶ
938 2298 1122 2360 πάντα
1161 2296 1233 2359 τοὶ
1276 2296 1557 2376 οὐνόματα
1594 2299 1706 2358 τῶν
1747 2297 1885 2358 θεῶν
1926 2298 1989 2369 ἐξ
2002 2300 2083 2358 50

385 2389 672 2469 Αἰγύπτου
705 2387 946 2465 ἐλήλυθε
979 2393 1036 2451 ἐς
1063 2386 1169 2463 τὴν
1193 2386 1469 2448 Ἑλλάδα.
1552 2382 1695 2449 διότι
1732 2389 1837 2464 μὲν
1873 2386 1986 2470 γάρ

385 2480 446 2534 ἐκ
469 2479 579 2536 τῶν
614 2474 928 2553 βαρβάρων
962 2474 1100 2551 ἥκει,
1130 2474 1538 2552 πυνθανόμενος
1573 2474 1715 2537 οὕτω
1753 2474 1989 2553 εὑρίσκω

385 2561 495 2623 ἐόν·
551 2563 720 2624 δοκέω
760 2562 806 2623 δ’
849 2562 924 2623 ὧν
962 2561 1221 2641 μάλιστα
1262 2561 1358 2622 ἀπ’
1402 2562 1688 2645 Αἰγύπτου
1729 2562 1985 2643 ἀπῖχθαι.

383 2650 471 2711 ὅτι
493 2651 606 2731 γοῖρ
631 2651 702 2728 δή
728 2651 810 2727 μή
838 2650 1223 2714 Ποσειδέωνος
1258 2651 1351 2711 καὶ
1379 2650 1759 2728 Διοσκούρων,
1793 2650 1865 2713 ὥς
1896 2650 1989 2709 καὶ

381 2738 657 2817 πρότερόν
689 2765 790 2817 μοι
818 2742 996 2799 ταῦτα
1036 2739 1263 2815 εἴρηται,
1299 2764 1391 2799 και
1405 2737 1607 2815 Ηρης,
1636 2737 1729 2795 καὶ
1756 2734 1985 2812 Ἱστίης,

383 2828 478 2888 καὶ
507 2828 728 2904 Θέμιος,
755 2852 848 2887 και
889 2826 1165 2905 Χαρίτων,
1198 2826 1291 2885 καὶ
1317 2825 1629 2903 Νηρηΐδων,
1654 2825 1763 2883 τῶν
1796 2820 1989 2883 ἄλλων

382 2915 525 2976 θεῶν
550 2915 913 2997 Αἰγυπτίοισι
945 2915 1055 2974 αιεί
1093 2938 1221 2974 κοτε
1255 2913 1329 2973 τοὶ
1361 2909 1645 2987 ουνόματά
1677 2914 1802 2970 ἐστι
1833 2913 1893 2969 ἐν
1915 2912 1989 2988 τῇ

381 3002 550 3083 χώρῃ.
636 3005 786 3085 λέγω
817 3003 878 3064 δὲ
907 3002 981 3063 τοὶ
1016 3003 1255 3084 λέγουσι
1290 2999 1452 3059 αυτοὶ
1483 2996 1801 3079 Αἰγύπτιοι.
1880 2999 1991 3057 τῶν

382 3092 443 3151 δε
473 3092 540 3151 οὔ
581 3098 732 3169 φασι
773 3091 914 3152 θεῶν
957 3114 1254 3170 γινωσκειν
1291 3087 1366 3147 τοὶ
1404 3084 1703 3162 οὐνόματα,
1736 3082 1891 3145 οὗτοι
1930 3082 1993 3141 δέ

381 3204 482 3257 μοι
527 3179 789 3240 δοκέουσι
833 3177 946 3238 ὖπό
999 3178 1325 3257 Πελασγῶν
1378 3172 1783 3249 ὀνομασθῆναι,
1836 3170 1992 3247 πλὴν

385 3266 790 3330 Ποσειδέωνος
870 3268 1070 3327 τοῦτον
1121 3264 1183 3324 δὲ
1226 3287 1327 3323 τον
1378 3259 1508 3321 θεον
1557 3260 1711 3333 παρὰ
1763 3256 1993 3336 Λιβύων
