2250 3500
322 151 604 218 157—161]
1013 155 1241 206 ΚΔΕῘΩ.
1858 155 1923 210 79

323 233 482 296 δόναι
505 231 772 310 Πακτύην
793 233 1079 312 Πέρσῃσι·
1120 234 1265 313 πρός
1285 239 1461 296 ταῦτα
1487 235 1521 297 ὅ
1543 235 1925 314 Ἀριστόδικος

325 328 388 383 ἐκ
427 322 692 400 προνοίης
734 322 916 382 ἐποίεε
955 322 1106 382 τάδε·
1162 323 1387 400 περιϊών
1424 323 1524 384 τόν
1566 324 1700 401 νηόν
1740 323 1925 405 κύκλῳ

325 411 537 488 ἐξαίρεε
570 410 700 474 τοῦς
731 410 1039 488 στρουθούς
1076 412 1168 470 καὶ
1200 411 1355 470 ἄλλα
1395 411 1507 472 ὅσα
1536 411 1607 490 ἦν
1632 439 1923 474 νενοσσευ-

323 499 468 576 μένα
504 497 739 575 ὄρνίθων
773 499 938 579 ’γένεα
977 504 1036 558 ἐν
1070 503 1151 578 τῷ
1182 503 1311 578 νηῷ·
1350 501 1637 565 ποιέοντος
1669 501 1729 561 δὲ
1755 501 1925 562 αὐτοῦ

323 589 516 656 ταῦτα,
557 586 784 667 λέγεται
825 586 1017 663 φωνήν
1052 591 1114 646 ἐκ
1153 590 1255 647 τοῦ
1286 587 1489 647 α’δύτου
1516 590 1797 670 γενέσθαι,
1824 591 1925 666 φέ-

323 699 540 752 ρουσαν
557 677 662 751 μὲν
684 673 829 752 πρὸς
851 673 954 734 τᾶν
977 673 1366 753 Ἀριστόδικον
1388 675 1671 756 λέγουσαν
1696 677 1923 737 δὲτάδε·

324 760 708 823 ’(ιῖνοσιῶτατε
731 761 1047 840 ἀνθρώπων,
1062 763 1124 824 τί
1143 761 1277 823 τάδε
1298 766 1517 843 τολμᾷς
1528 765 1771 834 ποιέειν;
1796 764 1925 830 τοῦς

325 849 510 914 ἱκέτας
541 875 654 928 μου
689 854 750 910 ἐκ
781 853 883 910 τοῦ
913 855 1048 927 νηοῦ
1074 851 1340 929 κεραΐζεις
1356 849 1405 922 ;’'
1443 851 1829 929 Ἀριστόδικον
1864 853 1925 913 δὲ

325 937 428 998 οὐκ
463 936 846 1016 ἀπορήσαντα,
881 939 1024 1016 πρὸς
1062 943 1241 1000 ταῦτα
1277 942 1467 1002 εἰπεῖν·
1512 950 1550 977 “
1564 938 1725 1012 ὦναξ,
1758 940 1925 1006 αὐτὸς

321 1028 430 1102 μὲν
474 1024 616 1087 οὕτω
655 1030 810 1086 τοῖσι
853 1023 1068 1107 ἱκέτῃσι
1104 1029 1380 1104 βοηθέεις,
1421 1027 1709 1105 Κυμαίους
1746 1029 1808 1090 δὲ
1838 1055 1924 1090 κε-

322 1113 504 1177 λεύεις
552 1114 655 1176 τόν
697 1115 882 1191 ἱκέτην
924 1115 1195 1176 ἐκδιδόναι
1214 1115 1262 1186 ;”
1317 1115 1419 1178 τᾶν
1459 1117 1521 1176 δὲ
1574 1116 1728 1182 αὖτις
1770 1117 1924 1196 ἆμεί·

321 1202 548 1279 ψασθαι
583 1201 795 1263 τοῖσδε·
849 1211 885 1238 “
899 1204 990 1263 ναὶ
1031 1202 1253 1275 κελεύω,
1294 1204 1383 1265 ἶνα
1421 1230 1489 1285 γε
1529 1203 1923 1282 ἀσεβήσαντες

322 1291 548 1351 θᾶσσον
589 1289 904 1367 α’πόλησθε·
959 1291 1032 1355 ὥς
1070 1291 1153 1369 μὴ
1192 1292 1259 1352 τό
1300 1293 1505 1353 λοιπόν
1536 1294 1665 1370 περὶ
1707 1294 1925 1354 ἱκετέων

323 1375 577 1441 ἐκδόσιος
617 1379 817 1455 ἔλθητε
857 1378 950 1438 ἐπὶ
997 1378 1066 1439 τό
1117 1378 1513 1458 χρηστήριον.”
1576 1384 1765 1441 Ταῦτα
1812 1379 1883 1444 ὥς
1901 1381 2017 1442 160

323 1463 718 1544 ἀπενειχθέντα
755 1464 1010 1542 ἥκουσαν
1051 1469 1106 1526 οἱ
1162 1469 1427 1545 Κυμαῖοι,
1472 1467 1539 1527 οῦ
1582 1466 1925 1544 βουλόμενοι

323 1551 454 1614 οὔτε
481 1553 726 1617 ἐκδόντες
755 1553 1074 1615 ἀπολέσθαι
1099 1553 1229 1614 οὔτε
1258 1552 1389 1632 παρ’
1417 1558 1672 1615 ἑωυτοῖσι
1708 1556 1927 1634 ἔχοντες

321 1642 775 1719 πολιορκέεσθαι,
809 1647 866 1706 ἐς
896 1641 1229 1720 Μυτιλήνην
1254 1641 1422 1704 αὗτόν
1462 1644 1829 1721 ἐκπέμπουσι·
1870 1645 1925 1704 οἱ

324 1729 386 1789 δὲ
422 1733 814 1807 Μυτιληναῖοι,
849 1730 1259 1808 ἐπιπέμποντος
1294 1734 1397 1793 τοῦ
1433 1731 1728 1810 Μαζάρεος
1758 1729 1923 1814 ἅγγε-

321 1819 451 1882 λίας
502 1818 774 1879 ἐκδιδόναι
821 1818 923 1881 τδν
963 1818 1248 1897 Πακτύην,
1298 1821 1779 1899 παρεσκευάζοντο
1832 1820 1924 1881 ἐπὶ

319 1907 510 1987 μισθῷ
537 1906 654 1987 ὅσῳ
733 1906 770 1947 ’·
812 1905 878 1967 οὗ
901 1905 1012 1989 γὰρ
1039 1909 1149 1988 ἔχω
1172 1909 1339 1970 τοῦτό
1356 1936 1425 1993 γε
1446 1913 1617 1970 εἰπεῖν
1636 1909 1923 1988 α’τρεκέως·

323 1994 390 2055 οὖ
419 1995 532 2076 γὰρ
573 1994 864 2073 ἐτελεώθη·
919 2000 1171 2074 Κυμαῖοι
1213 1996 1325 2078 γὰρ
1376 1996 1449 2061 ὥς
1494 1998 1703 2073 ἔμαθον
1746 2002 1925 2058 ταῦτα

321 2082 696 2161 πρησσόμενα
721 2088 783 2143 ἐκ
807 2087 918 2146 τῶν
941 2084 1354 2159 Μυτιληναίων,
1375 2085 1695 2161 πέμψαντες
1718 2087 1924 2145 πλοῖον

322 2176 380 2235 ἐς
409 2174 648 2249 Λέσβον
685 2173 1042 2251 ἐκκομίζουσι
1077 2170 1347 2248 Πακτύην
1378 2178 1435 2233 ἐς
1470 2171 1631 2231 Χίον·
1674 2171 1923 2231 ἐνθεῦτεν

320 2258 398 2329 δὲ,
439 2261 502 2330 ἐξ
527 2263 648 2337 ἱροῦ
687 2258 986 2337 Ἀθηναίης
1024 2257 1353 2337 Πολιούχου
1384 2257 1778 2321 ἀποσπασθεὶς
1812 2257 1922 2318 find

321 2348 474 2408 Χίων
505 2347 752 2424 ἐξεδόθη·
795 2347 1060 2417 ἐξέδοσαν
1091 2346 1167 2406 δὲ·
1188 2349 1245 2407 οἱ
1274 2349 1409 2408 Χῖοι
1442 2346 1535 2406 ἐπὶ
1556 2350 1635 2426 τῷ
1667 2344 1927 2425 Ἀταρνέῖ

319 2436 526 2515 μισθῷ·
585 2440 688 2496 τοῦ
729 2436 792 2495 δὲ
832 2434 1131 2514 Ἀταρνέος
1172 2434 1375 2496 τούτου
1426 2434 1549 2495 ἐστὶ
1600 2438 1780 2513 χῶρος
1818 2438 1921 2513 τῆς

322 2525 567 2600 Μυσίης,
608 2524 847 2601 Λέσβου
886 2522 1088 2587 ἀντίος.
1156 2523 1425 2600 Πακτύην
1460 2524 1567 2601 μέν
1604 2549 1701 2585 νυν
1744 2550 1921 2603 παρα-

319 2609 610 2689 δεξάμενοι
662 2614 715 2671 οἱ
766 2612 992 2690 Πέρσαι
1043 2611 1197 2691 εἶχον
1250 2616 1309 2673 ἐν
1362 2615 1610 2691 φυλακῇ,
1663 2613 1922 2675 θέλοντες

320 2698 490 2778 Κύρῳ
531 2698 819 2769 ἀποδέξαι.
885 2698 958 2776 ἦν
1002 2699 1063 2757 δὲ
1104 2697 1307 2778 χρόνος
1359 2696 1519 2762 οὗτος
1569 2698 1673 2759 οὐκ
1720 2698 1915 2779 ὀλίγος

316 2786 630 2867 γενόμενος,
659 2786 752 2847 ὅτε
786 2788 938 2848 Χίων
969 2787 1146 2851 οὐδεὶς
1177 2791 1239 2846 ἐκ
1269 2791 1371 2847 τοῦ
1402 2785 1699 2871 Ἀταρνέος
1719 2783 1919 2845 τούτου

317 2871 446 2935 οὔτε
489 2874 662 2939 οὖλοῖς
702 2876 903 2954 κριθῶν
941 2874 1223 2954 πρόχυσιν
1267 2874 1514 2935 ἐποιέετο
1551 2874 1691 2935 θεῶν
1720 2870 1926 2943 οὐδενὶ,

313 2960 447 3023 οὔτε
480 2964 750 3041 πέμματα
789 2964 1067 3024 ἐπέσσετο
1103 2966 1321 3040 καρποῦ
1344 2966 1447 3022 τοῦ
1473 2962 1738 3029 ἐνθεῦτεν,
1764 2958 1918 3018 ἀπεί-

314 3050 452 3129 χετό
489 3074 554 3110 τε
591 3054 704 3112 τῶν
735 3050 958 3112 πάντων
999 3052 1131 3129 ἱρῶν
1167 3048 1241 3110 τοὶ
1278 3048 1463 3110 πάντα
1502 3052 1564 3109 ἐκ
1600 3051 1701 3124 τῆς
1730 3044 1917 3125 χώρης

314 3135 520 3214 ταύτης
544 3137 828 3219 γινόμενα.

397 3228 533 3285 Χῖοι
567 3226 672 3302 μέν
700 3250 800 3288 νυν
835 3222 1104 3301 Πακτύην
1136 3222 1421 3293 ἐξέδοσαν.
1502 3220 1777 3300 Μαζάρης
1812 3220 1873 3281 δὲ
1893 3218 2005 3281 161

315 3310 462 3388 μετὰ
483 3314 662 3373 ταῦτα
677 3310 1040 3389 ἐστρατεύετο
1055 3310 1150 3370 ἐπὶ
1163 3307 1295 3371 τοῦς
1307 3308 1911 3387 συμπολιορκήσαντας
