<?xml version="1.0" encoding="UTF-8"?>
<!DOCTYPE html PUBLIC "-//W3C//DTD XHTML 1.0 Transitional//EN"
    "http://www.w3.org/TR/xhtml1/DTD/xhtml1-transitional.dtd">
<html xmlns="http://www.w3.org/1999/xhtml" xml:lang="en" lang="en">
 <head>
  <title>
</title>
<meta http-equiv="Content-Type" content="text/html;charset=utf-8" />
  <meta name='ocr-system' content='tesseract 3.04.00' />
  <meta name='ocr-capabilities' content='ocr_page ocr_carea ocr_par ocr_line ocrx_word'/>
</head>
<body>
  <div class='ocr_page' id='page_1' title='image "./herodotus04blakgoog_0276.png"; bbox 0 0 2250 3500; ppageno 0'>
   <div class='ocr_carea' id='block_1_1' title="bbox 213 77 1918 3328">
    <p class='ocr_par' dir='ltr' id='par_1_1' title="bbox 307 77 1918 428">
     <span class='ocr_line' id='line_1_1' title="bbox 313 77 1906 155; baseline 0.003 -14"><span class='ocrx_word' id='word_1_1' title='bbox 313 94 411 141; x_wconf 79' lang='lat'>254</span> <span class='ocrx_word' id='word_1_2' title='bbox 930 77 1298 143; x_wconf 68' lang='lat' dir='ltr'><strong>&#39;H&#39;POAO&#39;I&#39;OT</strong></span> <span class='ocrx_word' id='word_1_3' title='bbox 1417 94 1428 100; x_wconf 87' lang='lat'><strong>·</strong></span> <span class='ocrx_word' id='word_1_4' title='bbox 1631 90 1636 95; x_wconf 84' lang='grc'>·</span> <span class='ocrx_word' id='word_1_5' title='bbox 1775 90 1906 155; x_wconf 87' lang='lat'>[111.</span> 
     </span>
     <span class='ocr_line' id='line_1_2' title="bbox 307 169 1918 253; baseline 0.001 -24"><span class='ocrx_word' id='word_1_6' title='bbox 307 169 558 247; x_wconf 77' lang='grc' dir='ltr'>ἀμύσσει</span> <span class='ocrx_word' id='word_1_7' title='bbox 606 170 710 234; x_wconf 78' lang='grc' dir='ltr'>τοῖς</span> <span class='ocrx_word' id='word_1_8' title='bbox 760 170 995 248; x_wconf 83' lang='grc' dir='ltr'>μήτρας·</span> <span class='ocrx_word' id='word_1_9' title='bbox 1050 171 1423 251; x_wconf 78' lang='grc' dir='ltr'>αὖξανόμενός</span> <span class='ocrx_word' id='word_1_10' title='bbox 1472 196 1536 232; x_wconf 87' lang='grc' dir='ltr'>τε</span> <span class='ocrx_word' id='word_1_11' title='bbox 1589 170 1661 247; x_wconf 71' lang='grc' dir='ltr'>δή</span> <span class='ocrx_word' id='word_1_12' title='bbox 1711 176 1918 253; x_wconf 74' lang='grc' dir='ltr'>πολλῷ</span> 
     </span>
     <span class='ocr_line' id='line_1_3' title="bbox 307 259 1915 341; baseline 0.003 -25"><span class='ocrx_word' id='word_1_13' title='bbox 307 261 533 336; x_wconf 78' lang='grc' dir='ltr'>μᾶλλον</span> <span class='ocrx_word' id='word_1_14' title='bbox 585 259 889 318; x_wconf 80' lang='grc' dir='ltr'>ἐσικνέεται</span> <span class='ocrx_word' id='word_1_15' title='bbox 941 259 1333 341; x_wconf 82' lang='grc' dir='ltr'>καταγνάφων·</span> <span class='ocrx_word' id='word_1_16' title='bbox 1405 260 1588 322; x_wconf 82' lang='grc' dir='ltr'>πέλας</span> <span class='ocrx_word' id='word_1_17' title='bbox 1637 285 1702 319; x_wconf 90' lang='grc' dir='ltr'>τε</span> <span class='ocrx_word' id='word_1_18' title='bbox 1755 260 1826 335; x_wconf 76' lang='grc' dir='ltr'>δή</span> <span class='ocrx_word' id='word_1_19' title='bbox 1880 260 1915 321; x_wconf 78' lang='grc' dir='ltr'>ὅ</span> 
     </span>
     <span class='ocr_line' id='line_1_4' title="bbox 307 345 1917 428; baseline 0.001 -22"><span class='ocrx_word' id='word_1_20' title='bbox 307 345 469 408; x_wconf 84' lang='grc' dir='ltr'>τόκος</span> <span class='ocrx_word' id='word_1_21' title='bbox 508 346 647 416; x_wconf 78' lang='grc' dir='ltr'>ἐστὶ,</span> <span class='ocrx_word' id='word_1_22' title='bbox 686 347 780 404; x_wconf 88' lang='grc' dir='ltr'>καὶ</span> <span class='ocrx_word' id='word_1_23' title='bbox 812 347 878 407; x_wconf 82' lang='grc' dir='ltr'><em>τό</em></span> <span class='ocrx_word' id='word_1_24' title='bbox 921 347 1187 425; x_wconf 78' lang='grc' dir='ltr'>παράπαν</span> <span class='ocrx_word' id='word_1_25' title='bbox 1228 347 1480 407; x_wconf 89' lang='grc' dir='ltr'>λείπεται</span> <span class='ocrx_word' id='word_1_26' title='bbox 1517 345 1724 407; x_wconf 76' lang='grc' dir='ltr'>αὐτέων</span> <span class='ocrx_word' id='word_1_27' title='bbox 1763 347 1917 428; x_wconf 77' lang='grc' dir='ltr'>ὖγιὲς</span> 
     </span>
    </p>

    <p class='ocr_par' dir='ltr' id='par_1_2' title="bbox 219 432 1917 603">
     <span class='ocr_line' id='line_1_5' title="bbox 219 432 1914 514; baseline 0.001 -21"><span class='ocrx_word' id='word_1_28' title='bbox 219 436 330 494; x_wconf 84' lang='grc'>109</span> <span class='ocrx_word' id='word_1_29' title='bbox 350 432 477 492; x_wconf 78' lang='grc' dir='ltr'>οὐδὲ</span> <span class='ocrx_word' id='word_1_30' title='bbox 510 434 586 494; x_wconf 77' lang='grc' dir='ltr'>ἓν.</span> <span class='ocrx_word' id='word_1_31' title='bbox 656 433 765 498; x_wconf 77' lang='grc' dir='ltr'>’Ὦς</span> <span class='ocrx_word' id='word_1_32' title='bbox 790 435 851 493; x_wconf 81' lang='grc' dir='ltr'>δὲ</span> <span class='ocrx_word' id='word_1_33' title='bbox 882 436 975 494; x_wconf 85' lang='grc' dir='ltr'>καὶ</span> <span class='ocrx_word' id='word_1_34' title='bbox 1010 438 1071 495; x_wconf 81' lang='grc' dir='ltr'>αἱ</span> <span class='ocrx_word' id='word_1_35' title='bbox 1106 436 1320 514; x_wconf 84' lang='grc' dir='ltr'>ἔχιδναί</span> <span class='ocrx_word' id='word_1_36' title='bbox 1339 458 1403 495; x_wconf 89' lang='grc' dir='ltr'>τε</span> <span class='ocrx_word' id='word_1_37' title='bbox 1435 435 1528 493; x_wconf 82' lang='grc' dir='ltr'>καὶ</span> <span class='ocrx_word' id='word_1_38' title='bbox 1561 437 1616 493; x_wconf 83' lang='grc' dir='ltr'>οἱ</span> <span class='ocrx_word' id='word_1_39' title='bbox 1651 440 1710 494; x_wconf 81' lang='grc' dir='ltr'>ἐν</span> <span class='ocrx_word' id='word_1_40' title='bbox 1745 434 1914 512; x_wconf 85' lang='grc' dir='ltr'>Ἀρα-</span> 
     </span>
     <span class='ocr_line' id='line_1_6' title="bbox 314 520 1917 603; baseline 0.004 -23"><span class='ocrx_word' id='word_1_41' title='bbox 314 522 501 599; x_wconf 88' lang='grc' dir='ltr'>βίοισι</span> <span class='ocrx_word' id='word_1_42' title='bbox 553 520 859 600; x_wconf 82' lang='grc' dir='ltr'>ὖπόπτεροι</span> <span class='ocrx_word' id='word_1_43' title='bbox 910 522 1084 599; x_wconf 82' lang='grc' dir='ltr'>ὄφιες,</span> <span class='ocrx_word' id='word_1_44' title='bbox 1133 527 1182 582; x_wconf 83' lang='grc' dir='ltr'>εἰ</span> <span class='ocrx_word' id='word_1_45' title='bbox 1235 523 1483 603; x_wconf 79' lang='grc' dir='ltr'>ἐγίνοντο</span> <span class='ocrx_word' id='word_1_46' title='bbox 1531 521 1605 584; x_wconf 78' lang='grc' dir='ltr'>ὥς</span> <span class='ocrx_word' id='word_1_47' title='bbox 1649 520 1688 598; x_wconf 81' lang='grc' dir='ltr'><em>ἤ</em></span> <span class='ocrx_word' id='word_1_48' title='bbox 1738 521 1917 597; x_wconf 75' lang='grc' dir='ltr'>φύσις</span> 
     </span>
    </p>

    <p class='ocr_par' dir='ltr' id='par_1_3' title="bbox 228 607 1914 1901">
     <span class='ocr_line' id='line_1_7' title="bbox 228 607 1912 690; baseline 0 -21"><span class='ocrx_word' id='word_1_49' title='bbox 228 634 233 639; x_wconf 84' lang='grc'>·</span> <span class='ocrx_word' id='word_1_50' title='bbox 310 610 532 670; x_wconf 78' lang='grc' dir='ltr'>αὐτοῖσι</span> <span class='ocrx_word' id='word_1_51' title='bbox 576 609 831 690; x_wconf 80' lang='grc' dir='ltr'>ὖπάρχει,</span> <span class='ocrx_word' id='word_1_52' title='bbox 873 609 973 671; x_wconf 72' lang='grc' dir='ltr'>οῦκ</span> <span class='ocrx_word' id='word_1_53' title='bbox 1020 609 1091 671; x_wconf 78' lang='grc' dir='ltr'>ἂν</span> <span class='ocrx_word' id='word_1_54' title='bbox 1131 610 1204 687; x_wconf 85' lang='grc' dir='ltr'>ἦν</span> <span class='ocrx_word' id='word_1_55' title='bbox 1242 610 1503 688; x_wconf 83' lang='grc' dir='ltr'>βιώσιμα</span> <span class='ocrx_word' id='word_1_56' title='bbox 1543 607 1912 686; x_wconf 73' lang='grc' dir='ltr'>ἀνθρώποισι·</span> 
     </span>
     <span class='ocr_line' id='line_1_8' title="bbox 312 695 1914 779; baseline -0.001 -21"><span class='ocrx_word' id='word_1_57' title='bbox 312 702 409 759; x_wconf 81' lang='grc' dir='ltr'>νῦν</span> <span class='ocrx_word' id='word_1_58' title='bbox 434 697 499 770; x_wconf 82' lang='grc' dir='ltr'>δ’,</span> <span class='ocrx_word' id='word_1_59' title='bbox 528 697 695 758; x_wconf 69' lang='grc' dir='ltr'>ἐπεὰν</span> <span class='ocrx_word' id='word_1_60' title='bbox 720 698 1053 776; x_wconf 77' lang='grc' dir='ltr'>θορνύωνται</span> <span class='ocrx_word' id='word_1_61' title='bbox 1082 697 1225 759; x_wconf 75' lang='grc' dir='ltr'>κατὰ</span> <span class='ocrx_word' id='word_1_62' title='bbox 1260 696 1470 779; x_wconf 74' lang='grc' dir='ltr'>ζεύγεα,</span> <span class='ocrx_word' id='word_1_63' title='bbox 1499 697 1592 757; x_wconf 87' lang='grc' dir='ltr'>καὶ</span> <span class='ocrx_word' id='word_1_64' title='bbox 1619 702 1679 756; x_wconf 80' lang='grc' dir='ltr'>ἐν</span> <span class='ocrx_word' id='word_1_65' title='bbox 1705 695 1848 777; x_wconf 71' lang='grc' dir='ltr'>αὐτῇ</span> <span class='ocrx_word' id='word_1_66' title='bbox 1872 696 1914 777; x_wconf 79' lang='grc' dir='ltr'>ᾗ</span> 
     </span>
     <span class='ocr_line' id='line_1_9' title="bbox 312 784 1912 867; baseline 0 -21"><span class='ocrx_word' id='word_1_67' title='bbox 312 786 346 846; x_wconf 80' lang='grc' dir='ltr'>ὁ</span> <span class='ocrx_word' id='word_1_68' title='bbox 382 788 554 863; x_wconf 82' lang='grc' dir='ltr'>ἔρσην</span> <span class='ocrx_word' id='word_1_69' title='bbox 586 790 660 864; x_wconf 83' lang='grc' dir='ltr'>τῇ</span> <span class='ocrx_word' id='word_1_70' title='bbox 696 786 999 863; x_wconf 82' lang='grc' dir='ltr'>ἐκποιήσει,</span> <span class='ocrx_word' id='word_1_71' title='bbox 1026 786 1357 864; x_wconf 81' lang='grc' dir='ltr'>α’,πιευμένου</span> <span class='ocrx_word' id='word_1_72' title='bbox 1396 784 1567 845; x_wconf 70' lang='grc' dir='ltr'>αὐτοῦ</span> <span class='ocrx_word' id='word_1_73' title='bbox 1592 785 1696 861; x_wconf 80' lang='grc' dir='ltr'>τήν</span> <span class='ocrx_word' id='word_1_74' title='bbox 1718 785 1912 867; x_wconf 77' lang='grc' dir='ltr'>γονήν,</span> 
     </span>
     <span class='ocr_line' id='line_1_10' title="bbox 310 872 1914 953; baseline -0.001 -19"><span class='ocrx_word' id='word_1_75' title='bbox 310 874 347 949; x_wconf 84' lang='grc' dir='ltr'><em>ἠ</em></span> <span class='ocrx_word' id='word_1_76' title='bbox 384 873 563 950; x_wconf 86' lang='grc' dir='ltr'>θήλεα</span> <span class='ocrx_word' id='word_1_77' title='bbox 594 872 828 935; x_wconf 78' lang='grc' dir='ltr'>ἅπτεται</span> <span class='ocrx_word' id='word_1_78' title='bbox 860 878 964 951; x_wconf 83' lang='grc' dir='ltr'>τῆς</span> <span class='ocrx_word' id='word_1_79' title='bbox 993 873 1192 953; x_wconf 82' lang='grc' dir='ltr'>δειρῆς,</span> <span class='ocrx_word' id='word_1_80' title='bbox 1233 873 1326 932; x_wconf 83' lang='grc' dir='ltr'>καὶ</span> <span class='ocrx_word' id='word_1_81' title='bbox 1361 876 1611 950; x_wconf 80' lang='grc' dir='ltr'>ἐμφῦσα,</span> <span class='ocrx_word' id='word_1_82' title='bbox 1642 872 1742 931; x_wconf 76' lang='grc' dir='ltr'>οὐκ</span> <span class='ocrx_word' id='word_1_83' title='bbox 1769 872 1914 933; x_wconf 76' lang='grc' dir='ltr'>ἀνίει</span> 
     </span>
     <span class='ocr_line' id='line_1_11' title="bbox 310 959 1913 1043; baseline 0.002 -24"><span class='ocrx_word' id='word_1_84' title='bbox 310 962 443 1037; x_wconf 84' lang='grc' dir='ltr'>πρὶν</span> <span class='ocrx_word' id='word_1_85' title='bbox 492 959 563 1021; x_wconf 76' lang='grc' dir='ltr'>ἂν</span> <span class='ocrx_word' id='word_1_86' title='bbox 614 961 885 1043; x_wconf 80' lang='grc' dir='ltr'>διαφάγῃ.</span> <span class='ocrx_word' id='word_1_87' title='bbox 966 960 1002 1021; x_wconf 79' lang='grc' dir='ltr'><em>ὅ</em></span> <span class='ocrx_word' id='word_1_88' title='bbox 1052 964 1158 1038; x_wconf 79' lang='grc' dir='ltr'>μὲν</span> <span class='ocrx_word' id='word_1_89' title='bbox 1208 961 1278 1038; x_wconf 76' lang='grc' dir='ltr'>δή</span> <span class='ocrx_word' id='word_1_90' title='bbox 1331 961 1503 1037; x_wconf 79' lang='grc' dir='ltr'>ἔρσην</span> <span class='ocrx_word' id='word_1_91' title='bbox 1566 959 1913 1036; x_wconf 75' lang='grc' dir='ltr'>ἀποθνήσκει</span> 
     </span>
     <span class='ocr_line' id='line_1_12' title="bbox 310 1046 1912 1129; baseline 0 -20"><span class='ocrx_word' id='word_1_92' title='bbox 310 1048 497 1129; x_wconf 79' lang='grc' dir='ltr'>τρόπῳ</span> <span class='ocrx_word' id='word_1_93' title='bbox 526 1052 605 1127; x_wconf 68' lang='grc' dir='ltr'>τῷ</span> <span class='ocrx_word' id='word_1_94' title='bbox 640 1051 921 1129; x_wconf 77' lang='grc' dir='ltr'>εἰρημένῳ·</span> <span class='ocrx_word' id='word_1_95' title='bbox 962 1048 1001 1125; x_wconf 78' lang='grc' dir='ltr'><em>ἦ</em></span> <span class='ocrx_word' id='word_1_96' title='bbox 1034 1050 1094 1109; x_wconf 80' lang='grc' dir='ltr'>δὲ</span> <span class='ocrx_word' id='word_1_97' title='bbox 1130 1049 1308 1126; x_wconf 86' lang='grc' dir='ltr'>θήλεα</span> <span class='ocrx_word' id='word_1_98' title='bbox 1341 1049 1494 1108; x_wconf 84' lang='grc' dir='ltr'>τίσιν</span> <span class='ocrx_word' id='word_1_99' title='bbox 1522 1046 1743 1124; x_wconf 83' lang='grc' dir='ltr'>τοιήνδε</span> <span class='ocrx_word' id='word_1_100' title='bbox 1773 1048 1912 1109; x_wconf 71' lang='grc' dir='ltr'>αἶπο-</span> 
     </span>
     <span class='ocr_line' id='line_1_13' title="bbox 312 1136 1912 1219; baseline 0.001 -24"><span class='ocrx_word' id='word_1_101' title='bbox 312 1138 448 1196; x_wconf 82' lang='grc' dir='ltr'>τίνει</span> <span class='ocrx_word' id='word_1_102' title='bbox 490 1140 569 1215; x_wconf 79' lang='grc' dir='ltr'>τῷ</span> <span class='ocrx_word' id='word_1_103' title='bbox 614 1136 816 1216; x_wconf 84' lang='grc' dir='ltr'>ἔρσενι·</span> <span class='ocrx_word' id='word_1_104' title='bbox 882 1140 961 1216; x_wconf 76' lang='grc' dir='ltr'>τῷ</span> <span class='ocrx_word' id='word_1_105' title='bbox 1004 1140 1166 1219; x_wconf 82' lang='grc' dir='ltr'>γονεῖ</span> <span class='ocrx_word' id='word_1_106' title='bbox 1205 1136 1546 1214; x_wconf 85' lang='grc' dir='ltr'>τιμωρέοντα</span> <span class='ocrx_word' id='word_1_107' title='bbox 1593 1136 1674 1196; x_wconf 85' lang='grc' dir='ltr'>ἔτι</span> <span class='ocrx_word' id='word_1_108' title='bbox 1727 1141 1788 1197; x_wconf 79' lang='grc' dir='ltr'>ἐν</span> <span class='ocrx_word' id='word_1_109' title='bbox 1837 1141 1912 1217; x_wconf 72' lang='grc' dir='ltr'>τῇ</span> 
     </span>
     <span class='ocr_line' id='line_1_14' title="bbox 309 1222 1909 1306; baseline -0.001 -23"><span class='ocrx_word' id='word_1_110' title='bbox 309 1224 516 1306; x_wconf 79' lang='grc' dir='ltr'>γαστρὶ</span> <span class='ocrx_word' id='word_1_111' title='bbox 543 1222 705 1285; x_wconf 84' lang='grc' dir='ltr'>ε’όντα</span> <span class='ocrx_word' id='word_1_112' title='bbox 739 1226 812 1286; x_wconf 83' lang='grc' dir='ltr'>τοὶ</span> <span class='ocrx_word' id='word_1_113' title='bbox 842 1227 1008 1286; x_wconf 89' lang='grc' dir='ltr'>τέκνα</span> <span class='ocrx_word' id='word_1_114' title='bbox 1040 1225 1273 1286; x_wconf 79' lang='grc' dir='ltr'>διεσθίει</span> <span class='ocrx_word' id='word_1_115' title='bbox 1305 1223 1410 1301; x_wconf 80' lang='grc' dir='ltr'>τήν</span> <span class='ocrx_word' id='word_1_116' title='bbox 1443 1223 1680 1301; x_wconf 88' lang='grc' dir='ltr'>μήτραν,</span> <span class='ocrx_word' id='word_1_117' title='bbox 1708 1223 1909 1301; x_wconf 84' lang='grc' dir='ltr'>διαφα-</span> 
     </span>
     <span class='ocr_line' id='line_1_15' title="bbox 308 1311 1910 1395; baseline -0.001 -21"><span class='ocrx_word' id='word_1_118' title='bbox 308 1312 484 1395; x_wconf 84' lang='grc' dir='ltr'>γόντα</span> <span class='ocrx_word' id='word_1_119' title='bbox 523 1314 583 1372; x_wconf 83' lang='grc' dir='ltr'>δὲ</span> <span class='ocrx_word' id='word_1_120' title='bbox 619 1313 725 1389; x_wconf 83' lang='grc' dir='ltr'>τήν</span> <span class='ocrx_word' id='word_1_121' title='bbox 756 1313 923 1391; x_wconf 84' lang='grc' dir='ltr'>νηδυν</span> <span class='ocrx_word' id='word_1_122' title='bbox 961 1314 1148 1390; x_wconf 79' lang='grc' dir='ltr'>αὐτῆς,</span> <span class='ocrx_word' id='word_1_123' title='bbox 1191 1312 1332 1373; x_wconf 77' lang='grc' dir='ltr'>οὕτω</span> <span class='ocrx_word' id='word_1_124' title='bbox 1370 1311 1475 1388; x_wconf 83' lang='grc' dir='ltr'>τήν</span> <span class='ocrx_word' id='word_1_125' title='bbox 1511 1312 1734 1372; x_wconf 86' lang='grc' dir='ltr'>εκδυσιν</span> <span class='ocrx_word' id='word_1_126' title='bbox 1756 1314 1910 1372; x_wconf 77' lang='grc' dir='ltr'>ποιέ-</span> 
     </span>
     <span class='ocr_line' id='line_1_16' title="bbox 308 1398 1910 1479; baseline 0 -18"><span class='ocrx_word' id='word_1_127' title='bbox 308 1426 447 1462; x_wconf 87' lang='grc' dir='ltr'>εται·</span> <span class='ocrx_word' id='word_1_128' title='bbox 488 1405 543 1462; x_wconf 83' lang='grc' dir='ltr'>οἱ</span> <span class='ocrx_word' id='word_1_129' title='bbox 574 1402 635 1462; x_wconf 83' lang='grc' dir='ltr'>δὲ</span> <span class='ocrx_word' id='word_1_130' title='bbox 674 1399 846 1463; x_wconf 74' lang='grc' dir='ltr'>ἄλλοι</span> <span class='ocrx_word' id='word_1_131' title='bbox 876 1401 1051 1479; x_wconf 82' lang='grc' dir='ltr'>ὄφιες,</span> <span class='ocrx_word' id='word_1_132' title='bbox 1087 1400 1268 1465; x_wconf 82' lang='grc' dir='ltr'>ἐόντες</span> <span class='ocrx_word' id='word_1_133' title='bbox 1299 1398 1602 1476; x_wconf 75' lang='grc' dir='ltr'>ἀνθρώπων</span> <span class='ocrx_word' id='word_1_134' title='bbox 1629 1399 1696 1459; x_wconf 78' lang='grc' dir='ltr'>οὗ</span> <span class='ocrx_word' id='word_1_135' title='bbox 1735 1399 1910 1476; x_wconf 85' lang='grc' dir='ltr'>δηλή-</span> 
     </span>
     <span class='ocr_line' id='line_1_17' title="bbox 306 1488 1909 1566; baseline -0.001 -16"><span class='ocrx_word' id='word_1_136' title='bbox 306 1515 487 1566; x_wconf 85' lang='grc' dir='ltr'>μονες,</span> <span class='ocrx_word' id='word_1_137' title='bbox 533 1492 793 1551; x_wconf 89' lang='grc' dir='ltr'>τίκτουσί</span> <span class='ocrx_word' id='word_1_138' title='bbox 830 1517 895 1552; x_wconf 89' lang='grc' dir='ltr'>τε</span> <span class='ocrx_word' id='word_1_139' title='bbox 939 1490 1034 1563; x_wconf 79' lang='grc' dir='ltr'>ὥοῖ,</span> <span class='ocrx_word' id='word_1_140' title='bbox 1090 1490 1184 1550; x_wconf 82' lang='grc' dir='ltr'>καὶ</span> <span class='ocrx_word' id='word_1_141' title='bbox 1236 1490 1541 1550; x_wconf 78' lang='grc' dir='ltr'>ἐκλέπουσι</span> <span class='ocrx_word' id='word_1_142' title='bbox 1585 1488 1808 1548; x_wconf 86' lang='grc' dir='ltr'>πολλόν</span> <span class='ocrx_word' id='word_1_143' title='bbox 1851 1514 1909 1549; x_wconf 86' lang='grc' dir='ltr'>τι</span> 
     </span>
     <span class='ocr_line' id='line_1_18' title="bbox 305 1576 1908 1656; baseline 0 -19"><span class='ocrx_word' id='word_1_144' title='bbox 305 1583 499 1656; x_wconf 87' lang='grc' dir='ltr'>χρῆμα</span> <span class='ocrx_word' id='word_1_145' title='bbox 550 1584 660 1639; x_wconf 75' lang='grc' dir='ltr'>τῶν</span> <span class='ocrx_word' id='word_1_146' title='bbox 708 1580 929 1639; x_wconf 89' lang='grc' dir='ltr'>τέκνων.</span> <span class='ocrx_word' id='word_1_147' title='bbox 1012 1581 1069 1638; x_wconf 81' lang='grc' dir='ltr'>αἱ</span> <span class='ocrx_word' id='word_1_148' title='bbox 1112 1581 1217 1654; x_wconf 82' lang='grc' dir='ltr'>μὲν</span> <span class='ocrx_word' id='word_1_149' title='bbox 1263 1576 1332 1653; x_wconf 88' lang='grc' dir='ltr'>δή</span> <span class='ocrx_word' id='word_1_150' title='bbox 1375 1601 1474 1637; x_wconf 91' lang='grc' dir='ltr'>νυν</span> <span class='ocrx_word' id='word_1_151' title='bbox 1513 1576 1726 1655; x_wconf 79' lang='grc' dir='ltr'>ἔχιδναι</span> <span class='ocrx_word' id='word_1_152' title='bbox 1767 1602 1908 1637; x_wconf 88' lang='grc' dir='ltr'>κατα</span> 
     </span>
     <span class='ocr_line' id='line_1_19' title="bbox 305 1662 1907 1747; baseline 0.001 -24"><span class='ocrx_word' id='word_1_153' title='bbox 305 1662 631 1741; x_wconf 76' lang='grc' dir='ltr'>πᾶσαν’τήν</span> <span class='ocrx_word' id='word_1_154' title='bbox 664 1670 773 1747; x_wconf 83' lang='grc' dir='ltr'>γῆν</span> <span class='ocrx_word' id='word_1_155' title='bbox 810 1666 939 1725; x_wconf 82' lang='grc' dir='ltr'>εἶσί·</span> <span class='ocrx_word' id='word_1_156' title='bbox 984 1668 1037 1724; x_wconf 83' lang='grc' dir='ltr'>οῖ</span> <span class='ocrx_word' id='word_1_157' title='bbox 1068 1666 1130 1724; x_wconf 83' lang='grc' dir='ltr'>δὲ</span> <span class='ocrx_word' id='word_1_158' title='bbox 1145 1664 1465 1741; x_wconf 60' lang='grc' dir='ltr'>ὑπόπτεροι</span> <span class='ocrx_word' id='word_1_159' title='bbox 1497 1663 1678 1727; x_wconf 80' lang='grc' dir='ltr'>ε’όντες</span> <span class='ocrx_word' id='word_1_160' title='bbox 1713 1664 1907 1742; x_wconf 78' lang='grc' dir='ltr'>ἀθρόοι</span> 
     </span>
     <span class='ocr_line' id='line_1_20' title="bbox 308 1751 1907 1832; baseline 0.003 -21"><span class='ocrx_word' id='word_1_161' title='bbox 308 1754 419 1812; x_wconf 84' lang='grc' dir='ltr'>εἶσὶ</span> <span class='ocrx_word' id='word_1_162' title='bbox 461 1759 519 1813; x_wconf 81' lang='grc' dir='ltr'>ἐν</span> <span class='ocrx_word' id='word_1_163' title='bbox 549 1758 622 1831; x_wconf 81' lang='grc' dir='ltr'>τῇ</span> <span class='ocrx_word' id='word_1_164' title='bbox 659 1753 923 1832; x_wconf 81' lang='grc' dir='ltr'>Ἀραβίῃ,</span> <span class='ocrx_word' id='word_1_165' title='bbox 957 1753 1049 1812; x_wconf 86' lang='grc' dir='ltr'>καὶ</span> <span class='ocrx_word' id='word_1_166' title='bbox 1089 1752 1306 1832; x_wconf 73' lang='grc' dir='ltr'>οὐδαμῇ</span> <span class='ocrx_word' id='word_1_167' title='bbox 1345 1751 1519 1832; x_wconf 76' lang='grc' dir='ltr'>ἄλλῃ·</span> <span class='ocrx_word' id='word_1_168' title='bbox 1535 1751 1540 1758; x_wconf 61' lang='grc'><strong>’</strong></span> <span class='ocrx_word' id='word_1_169' title='bbox 1559 1751 1703 1813; x_wconf 70' lang='grc' dir='ltr'>κατὰ</span> <span class='ocrx_word' id='word_1_170' title='bbox 1740 1758 1907 1815; x_wconf 84' lang='grc' dir='ltr'>τοῦτο</span> 
     </span>
     <span class='ocr_line' id='line_1_21' title="bbox 306 1841 984 1901; baseline 0 -1"><span class='ocrx_word' id='word_1_171' title='bbox 306 1841 564 1900; x_wconf 86' lang='grc' dir='ltr'>δοκέουσι</span> <span class='ocrx_word' id='word_1_172' title='bbox 588 1842 801 1900; x_wconf 85' lang='grc' dir='ltr'>πολλοὶ</span> <span class='ocrx_word' id='word_1_173' title='bbox 826 1841 984 1901; x_wconf 84' lang='grc' dir='ltr'>εἶναι.</span> 
     </span>
    </p>

    <p class='ocr_par' dir='ltr' id='par_1_4' title="bbox 214 1928 1906 2712">
     <span class='ocr_line' id='line_1_22' title="bbox 214 1928 1906 2007; baseline 0.002 -20"><span class='ocrx_word' id='word_1_174' title='bbox 214 1930 329 1991; x_wconf 87' lang='lat'>110</span> <span class='ocrx_word' id='word_1_175' title='bbox 410 1929 522 1990; x_wconf 73' lang='grc' dir='ltr'>Τὸν</span> <span class='ocrx_word' id='word_1_176' title='bbox 572 1931 676 2007; x_wconf 82' lang='grc' dir='ltr'>μὲν</span> <span class='ocrx_word' id='word_1_177' title='bbox 727 1928 796 2006; x_wconf 74' lang='grc' dir='ltr'>δή</span> <span class='ocrx_word' id='word_1_178' title='bbox 849 1930 1168 2006; x_wconf 84' lang='grc' dir='ltr'>λιβανωτόν</span> <span class='ocrx_word' id='word_1_179' title='bbox 1227 1934 1428 1993; x_wconf 79' lang='grc' dir='ltr'>τοῦτον</span> <span class='ocrx_word' id='word_1_180' title='bbox 1477 1929 1620 1992; x_wconf 78' lang='grc' dir='ltr'>οὕτω</span> <span class='ocrx_word' id='word_1_181' title='bbox 1674 1935 1906 1992; x_wconf 72' lang='grc' dir='ltr'>κτῶνται</span> 
     </span>
     <span class='ocr_line' id='line_1_23' title="bbox 305 2015 1905 2096; baseline 0 -19"><span class='ocrx_word' id='word_1_182' title='bbox 305 2015 585 2096; x_wconf 77' lang='grc' dir='ltr'>Ἀράβιοι,</span> <span class='ocrx_word' id='word_1_183' title='bbox 625 2017 731 2094; x_wconf 78' lang='grc' dir='ltr'>τὴν</span> <span class='ocrx_word' id='word_1_184' title='bbox 770 2019 831 2078; x_wconf 84' lang='grc' dir='ltr'>δὲ</span> <span class='ocrx_word' id='word_1_185' title='bbox 870 2019 1072 2095; x_wconf 80' lang='grc' dir='ltr'>κασίην</span> <span class='ocrx_word' id='word_1_186' title='bbox 1112 2017 1235 2078; x_wconf 79' lang='grc' dir='ltr'>ὦδε·</span> <span class='ocrx_word' id='word_1_187' title='bbox 1277 2020 1444 2080; x_wconf 79' lang='grc' dir='ltr'>ε’πεοῖν</span> <span class='ocrx_word' id='word_1_188' title='bbox 1485 2018 1905 2094; x_wconf 88' lang='grc' dir='ltr'>καταδήσωνται</span> 
     </span>
     <span class='ocr_line' id='line_1_24' title="bbox 305 2106 1904 2187; baseline -0.001 -20"><span class='ocrx_word' id='word_1_189' title='bbox 305 2107 564 2187; x_wconf 85' lang='grc' dir='ltr'>βύρσῃσι</span> <span class='ocrx_word' id='word_1_190' title='bbox 590 2108 684 2167; x_wconf 84' lang='grc' dir='ltr'>καὶ</span> <span class='ocrx_word' id='word_1_191' title='bbox 725 2108 964 2185; x_wconf 84' lang='grc' dir='ltr'>δέρμασι</span> <span class='ocrx_word' id='word_1_192' title='bbox 998 2106 1236 2167; x_wconf 76' lang='grc' dir='ltr'>ἄλλοισι</span> <span class='ocrx_word' id='word_1_193' title='bbox 1272 2111 1385 2166; x_wconf 78' lang='grc' dir='ltr'>πᾶν</span> <span class='ocrx_word' id='word_1_194' title='bbox 1414 2106 1482 2167; x_wconf 82' lang='grc' dir='ltr'><strong><em>τό</em></strong></span> <span class='ocrx_word' id='word_1_195' title='bbox 1513 2109 1680 2184; x_wconf 79' lang='grc' dir='ltr'>σῶμα</span> <span class='ocrx_word' id='word_1_196' title='bbox 1716 2107 1808 2166; x_wconf 84' lang='grc' dir='ltr'>καὶ</span> <span class='ocrx_word' id='word_1_197' title='bbox 1836 2106 1904 2166; x_wconf 75' lang='grc' dir='ltr'>τὰ</span> 
     </span>
     <span class='ocr_line' id='line_1_25' title="bbox 305 2192 1904 2273; baseline 0.001 -21"><span class='ocrx_word' id='word_1_198' title='bbox 305 2194 626 2273; x_wconf 83' lang='grc' dir='ltr'>πρόσωπον,</span> <span class='ocrx_word' id='word_1_199' title='bbox 669 2195 823 2271; x_wconf 75' lang='grc' dir='ltr'>πλὴν</span> <span class='ocrx_word' id='word_1_200' title='bbox 875 2193 1054 2255; x_wconf 75' lang='grc' dir='ltr'>αὐτῶν</span> <span class='ocrx_word' id='word_1_201' title='bbox 1106 2199 1219 2254; x_wconf 79' lang='grc' dir='ltr'>τῶν</span> <span class='ocrx_word' id='word_1_202' title='bbox 1270 2192 1601 2272; x_wconf 80' lang='grc' dir='ltr'>ὀφθαλμῶν,</span> <span class='ocrx_word' id='word_1_203' title='bbox 1650 2195 1904 2273; x_wconf 86' lang='grc' dir='ltr'>ἔρχονται</span> 
     </span>
     <span class='ocr_line' id='line_1_26' title="bbox 307 2279 1902 2362; baseline 0 -21"><span class='ocrx_word' id='word_1_204' title='bbox 307 2285 400 2342; x_wconf 80' lang='grc' dir='ltr'>ἐπὶ</span> <span class='ocrx_word' id='word_1_205' title='bbox 436 2282 541 2358; x_wconf 80' lang='grc' dir='ltr'>τὴν</span> <span class='ocrx_word' id='word_1_206' title='bbox 573 2284 792 2358; x_wconf 87' lang='grc' dir='ltr'>κασίην·</span> <span class='ocrx_word' id='word_1_207' title='bbox 848 2282 889 2357; x_wconf 82' lang='grc' dir='ltr'><em>ἦ</em></span> <span class='ocrx_word' id='word_1_208' title='bbox 931 2283 991 2341; x_wconf 83' lang='grc' dir='ltr'>δὲ</span> <span class='ocrx_word' id='word_1_209' title='bbox 1032 2287 1092 2342; x_wconf 80' lang='grc' dir='ltr'>ἐν</span> <span class='ocrx_word' id='word_1_210' title='bbox 1133 2283 1305 2362; x_wconf 84' lang='grc' dir='ltr'>λίμνῃ</span> <span class='ocrx_word' id='word_1_211' title='bbox 1337 2279 1538 2358; x_wconf 80' lang='grc' dir='ltr'>φύεται</span> <span class='ocrx_word' id='word_1_212' title='bbox 1583 2280 1649 2340; x_wconf 78' lang='grc' dir='ltr'>οὗ</span> <span class='ocrx_word' id='word_1_213' title='bbox 1694 2283 1902 2360; x_wconf 87' lang='grc' dir='ltr'>βαθέῃ·</span> 
     </span>
     <span class='ocr_line' id='line_1_27' title="bbox 306 2368 1906 2448; baseline 0.001 -20"><span class='ocrx_word' id='word_1_214' title='bbox 306 2370 433 2446; x_wconf 87' lang='grc' dir='ltr'>περὶ</span> <span class='ocrx_word' id='word_1_215' title='bbox 486 2370 547 2428; x_wconf 79' lang='grc' dir='ltr'>δὲ</span> <span class='ocrx_word' id='word_1_216' title='bbox 596 2369 770 2446; x_wconf 76' lang='grc' dir='ltr'>αὗτήν</span> <span class='ocrx_word' id='word_1_217' title='bbox 823 2370 917 2428; x_wconf 83' lang='grc' dir='ltr'>καὶ</span> <span class='ocrx_word' id='word_1_218' title='bbox 961 2375 1021 2429; x_wconf 79' lang='grc' dir='ltr'>ἐν</span> <span class='ocrx_word' id='word_1_219' title='bbox 1072 2369 1216 2448; x_wconf 72' lang='grc' dir='ltr'>αὐτῇ</span> <span class='ocrx_word' id='word_1_220' title='bbox 1269 2368 1556 2440; x_wconf 74' lang='grc' dir='ltr'>αὐλίζεταί</span> <span class='ocrx_word' id='word_1_221' title='bbox 1595 2395 1694 2429; x_wconf 90' lang='grc' dir='ltr'>κου</span> <span class='ocrx_word' id='word_1_222' title='bbox 1738 2371 1906 2448; x_wconf 86' lang='grc' dir='ltr'>θηρία</span> 
     </span>
     <span class='ocr_line' id='line_1_28' title="bbox 306 2455 1905 2537; baseline -0.001 -19"><span class='ocrx_word' id='word_1_223' title='bbox 306 2455 574 2535; x_wconf 68' lang='grc' dir='ltr'>ππερωτοῖ,</span> <span class='ocrx_word' id='word_1_224' title='bbox 612 2461 752 2537; x_wconf 76' lang='grc' dir='ltr'>τῇσι</span> <span class='ocrx_word' id='word_1_225' title='bbox 792 2459 1072 2536; x_wconf 88' lang='grc' dir='ltr'>νυκτερίσι</span> <span class='ocrx_word' id='word_1_226' title='bbox 1110 2459 1456 2536; x_wconf 88' lang='grc' dir='ltr'>προσείκελα</span> <span class='ocrx_word' id='word_1_227' title='bbox 1493 2457 1769 2537; x_wconf 77' lang='grc' dir='ltr'>μάλιστα·</span> <span class='ocrx_word' id='word_1_228' title='bbox 1812 2459 1905 2517; x_wconf 80' lang='grc' dir='ltr'>καὶ</span> 
     </span>
     <span class='ocr_line' id='line_1_29' title="bbox 303 2544 1902 2625; baseline 0.001 -21"><span class='ocrx_word' id='word_1_229' title='bbox 303 2545 521 2625; x_wconf 84' lang='grc' dir='ltr'>τέτριγε</span> <span class='ocrx_word' id='word_1_230' title='bbox 546 2544 742 2604; x_wconf 84' lang='grc' dir='ltr'>δεινόν·</span> <span class='ocrx_word' id='word_1_231' title='bbox 784 2545 877 2604; x_wconf 88' lang='grc' dir='ltr'>καὶ</span> <span class='ocrx_word' id='word_1_232' title='bbox 904 2551 959 2610; x_wconf 83' lang='grc' dir='ltr'>ἐς</span> <span class='ocrx_word' id='word_1_233' title='bbox 992 2545 1176 2622; x_wconf 72' lang='grc' dir='ltr'>αῗλκήν</span> <span class='ocrx_word' id='word_1_234' title='bbox 1211 2545 1443 2623; x_wconf 78' lang='grc' dir='ltr'>ἄλκιμα·</span> <span class='ocrx_word' id='word_1_235' title='bbox 1482 2546 1556 2606; x_wconf 73' lang='grc' dir='ltr'>τὰ</span> <span class='ocrx_word' id='word_1_236' title='bbox 1577 2545 1660 2624; x_wconf 29' lang='grc' dir='ltr'>,δὴ</span> <span class='ocrx_word' id='word_1_237' title='bbox 1685 2546 1902 2623; x_wconf 72' lang='grc' dir='ltr'>ἀπαμυ-</span> 
     </span>
     <span class='ocr_line' id='line_1_30' title="bbox 305 2632 1906 2712; baseline 0.001 -19"><span class='ocrx_word' id='word_1_238' title='bbox 305 2633 569 2711; x_wconf 86' lang='grc' dir='ltr'>νομένους</span> <span class='ocrx_word' id='word_1_239' title='bbox 620 2632 733 2693; x_wconf 78' lang='grc' dir='ltr'>οἷπό</span> <span class='ocrx_word' id='word_1_240' title='bbox 786 2638 897 2694; x_wconf 80' lang='grc' dir='ltr'>τῶν</span> <span class='ocrx_word' id='word_1_241' title='bbox 948 2633 1282 2712; x_wconf 75' lang='grc' dir='ltr'>ὀφθαλμῶν,</span> <span class='ocrx_word' id='word_1_242' title='bbox 1339 2634 1480 2696; x_wconf 75' lang='grc' dir='ltr'>οὕτω</span> <span class='ocrx_word' id='word_1_243' title='bbox 1532 2635 1752 2712; x_wconf 87' lang='grc' dir='ltr'>δρέπειν</span> <span class='ocrx_word' id='word_1_244' title='bbox 1801 2633 1906 2710; x_wconf 79' lang='grc' dir='ltr'>τὴν</span> 
     </span>
    </p>

    <p class='ocr_par' dir='ltr' id='par_1_5' title="bbox 213 2721 1909 3328">
     <span class='ocr_line' id='line_1_31' title="bbox 213 2721 1904 2801; baseline 0 -22"><span class='ocrx_word' id='word_1_245' title='bbox 213 2723 323 2780; x_wconf 89' lang='grc'>111</span> <span class='ocrx_word' id='word_1_246' title='bbox 345 2723 561 2798; x_wconf 89' lang='grc' dir='ltr'>κασίην.</span> <span class='ocrx_word' id='word_1_247' title='bbox 645 2722 725 2783; x_wconf 61' lang='lat' dir='ltr'>Tc?</span> <span class='ocrx_word' id='word_1_248' title='bbox 760 2722 818 2781; x_wconf 85' lang='grc' dir='ltr'>δὲ</span> <span class='ocrx_word' id='word_1_249' title='bbox 850 2721 920 2798; x_wconf 71' lang='grc' dir='ltr'>δή</span> <span class='ocrx_word' id='word_1_250' title='bbox 958 2721 1308 2801; x_wconf 78' lang='grc' dir='ltr'>κιννάμωμον</span> <span class='ocrx_word' id='word_1_251' title='bbox 1335 2724 1416 2782; x_wconf 80' lang='grc' dir='ltr'>ἔτι</span> <span class='ocrx_word' id='word_1_252' title='bbox 1453 2723 1662 2783; x_wconf 82' lang='grc' dir='ltr'>τούτων</span> <span class='ocrx_word' id='word_1_253' title='bbox 1689 2723 1904 2798; x_wconf 90' lang='grc' dir='ltr'>θωυμα-</span> 
     </span>
     <span class='ocr_line' id='line_1_32' title="bbox 306 2809 1905 2891; baseline 0.001 -23"><span class='ocrx_word' id='word_1_254' title='bbox 306 2809 573 2887; x_wconf 89' lang='grc' dir='ltr'>στότερον</span> <span class='ocrx_word' id='word_1_255' title='bbox 614 2811 985 2891; x_wconf 84' lang='grc' dir='ltr'>συλλέγουσι·</span> <span class='ocrx_word' id='word_1_256' title='bbox 1041 2810 1174 2870; x_wconf 82' lang='grc' dir='ltr'>ὅκου</span> <span class='ocrx_word' id='word_1_257' title='bbox 1225 2813 1328 2886; x_wconf 85' lang='grc' dir='ltr'>μὲν</span> <span class='ocrx_word' id='word_1_258' title='bbox 1378 2811 1492 2890; x_wconf 84' lang='grc' dir='ltr'>γοῖρ</span> <span class='ocrx_word' id='word_1_259' title='bbox 1537 2810 1765 2891; x_wconf 85' lang='grc' dir='ltr'>γίνεται,</span> <span class='ocrx_word' id='word_1_260' title='bbox 1811 2811 1905 2870; x_wconf 86' lang='grc' dir='ltr'>καὶ</span> 
     </span>
     <span class='ocr_line' id='line_1_33' title="bbox 304 2895 1902 2978; baseline 0.003 -24"><span class='ocrx_word' id='word_1_261' title='bbox 304 2895 425 2970; x_wconf 88' lang='grc' dir='ltr'>ἥτις</span> <span class='ocrx_word' id='word_1_262' title='bbox 468 2923 567 2973; x_wconf 89' lang='grc' dir='ltr'>μιν</span> <span class='ocrx_word' id='word_1_263' title='bbox 604 2902 681 2978; x_wconf 82' lang='grc' dir='ltr'><em>γῆ</em></span> <span class='ocrx_word' id='word_1_264' title='bbox 721 2896 761 2974; x_wconf 76' lang='grc' dir='ltr'><strong><em>ἦ</em></strong></span> <span class='ocrx_word' id='word_1_265' title='bbox 806 2898 1097 2974; x_wconf 83' lang='grc' dir='ltr'>τρέφουσοὶ</span> <span class='ocrx_word' id='word_1_266' title='bbox 1145 2905 1284 2969; x_wconf 84' lang='grc' dir='ltr'>ἐστι,</span> <span class='ocrx_word' id='word_1_267' title='bbox 1329 2897 1428 2957; x_wconf 78' lang='grc' dir='ltr'>οὐκ</span> <span class='ocrx_word' id='word_1_268' title='bbox 1475 2899 1671 2978; x_wconf 83' lang='grc' dir='ltr'>ἔχουσι</span> <span class='ocrx_word' id='word_1_269' title='bbox 1712 2901 1902 2958; x_wconf 82' lang='grc' dir='ltr'>εἰπεῖν·</span> 
     </span>
     <span class='ocr_line' id='line_1_34' title="bbox 304 2983 1909 3066; baseline 0.004 -27"><span class='ocrx_word' id='word_1_270' title='bbox 304 2983 457 3058; x_wconf 76' lang='grc' dir='ltr'>πλὴν</span> <span class='ocrx_word' id='word_1_271' title='bbox 484 2985 586 3054; x_wconf 82' lang='grc' dir='ltr'>ὅτι,</span> <span class='ocrx_word' id='word_1_272' title='bbox 604 2985 755 3065; x_wconf 78' lang='grc' dir='ltr'>λόγῳ</span> <span class='ocrx_word' id='word_1_273' title='bbox 784 2985 958 3046; x_wconf 81' lang='grc' dir='ltr'>οἰκότι</span> <span class='ocrx_word' id='word_1_274' title='bbox 982 2986 1304 3064; x_wconf 79' lang='grc' dir='ltr'>χρεώμενοι,</span> <span class='ocrx_word' id='word_1_275' title='bbox 1325 2991 1382 3046; x_wconf 85' lang='grc' dir='ltr'>ἐν</span> <span class='ocrx_word' id='word_1_276' title='bbox 1407 2988 1622 3047; x_wconf 82' lang='grc' dir='ltr'>τοισίδε</span> <span class='ocrx_word' id='word_1_277' title='bbox 1645 2985 1909 3066; x_wconf 85' lang='grc' dir='ltr'>χωρίοισί</span> 
     </span>
     <span class='ocr_line' id='line_1_35' title="bbox 305 3072 1905 3151; baseline 0.004 -24"><span class='ocrx_word' id='word_1_278' title='bbox 305 3072 459 3142; x_wconf 90' lang='grc' dir='ltr'>φασί</span> <span class='ocrx_word' id='word_1_279' title='bbox 487 3097 630 3134; x_wconf 87' lang='grc' dir='ltr'>τινες</span> <span class='ocrx_word' id='word_1_280' title='bbox 672 3072 807 3132; x_wconf 75' lang='grc' dir='ltr'>αὐτὸ</span> <span class='ocrx_word' id='word_1_281' title='bbox 844 3073 1142 3149; x_wconf 83' lang='grc' dir='ltr'>φύεσθαι’</span> <span class='ocrx_word' id='word_1_282' title='bbox 1116 3101 1176 3134; x_wconf 89' lang='grc' dir='ltr'>εν</span> <span class='ocrx_word' id='word_1_283' title='bbox 1199 3077 1353 3134; x_wconf 81' lang='grc' dir='ltr'>τοῖσι</span> <span class='ocrx_word' id='word_1_284' title='bbox 1378 3101 1410 3134; x_wconf 93' lang='grc' dir='ltr'>ο</span> <span class='ocrx_word' id='word_1_285' title='bbox 1439 3073 1716 3138; x_wconf 84' lang='grc' dir='ltr'>Διόνυσος</span> <span class='ocrx_word' id='word_1_286' title='bbox 1752 3073 1905 3151; x_wconf 79' lang='grc' dir='ltr'>ἐτρά-</span> 
     </span>
     <span class='ocr_line' id='line_1_36' title="bbox 304 3156 1908 3241; baseline 0.006 -28"><span class='ocrx_word' id='word_1_287' title='bbox 304 3159 407 3227; x_wconf 90' lang='grc' dir='ltr'>φη·</span> <span class='ocrx_word' id='word_1_288' title='bbox 449 3156 671 3231; x_wconf 85' lang='grc' dir='ltr'>ὄρνιθας</span> <span class='ocrx_word' id='word_1_289' title='bbox 710 3158 769 3218; x_wconf 81' lang='grc' dir='ltr'>δὲ</span> <span class='ocrx_word' id='word_1_290' title='bbox 809 3161 1045 3240; x_wconf 86' lang='grc' dir='ltr'>λέγουσι</span> <span class='ocrx_word' id='word_1_291' title='bbox 1075 3161 1330 3241; x_wconf 82' lang='grc' dir='ltr'>μεγάλας</span> <span class='ocrx_word' id='word_1_292' title='bbox 1365 3164 1590 3240; x_wconf 87' lang='grc' dir='ltr'>φορέειν</span> <span class='ocrx_word' id='word_1_293' title='bbox 1623 3165 1803 3222; x_wconf 81' lang='grc' dir='ltr'>ταῦτα</span> <span class='ocrx_word' id='word_1_294' title='bbox 1832 3187 1908 3222; x_wconf 91' lang='grc' dir='ltr'>τα</span> 
     </span>
     <span class='ocr_line' id='line_1_37' title="bbox 306 3234 1907 3328; baseline 0.009 -31"><span class='ocrx_word' id='word_1_295' title='bbox 306 3234 539 3313; x_wconf 76' lang='grc' dir='ltr'>κάρφεα,</span> <span class='ocrx_word' id='word_1_296' title='bbox 560 3243 632 3303; x_wconf 83' lang='grc' dir='ltr'>τοὶ</span> <span class='ocrx_word' id='word_1_297' title='bbox 656 3244 817 3320; x_wconf 77' lang='grc' dir='ltr'>ἡμεῖς</span> <span class='ocrx_word' id='word_1_298' title='bbox 842 3246 955 3306; x_wconf 69' lang='lat' dir='ltr'>‹in-6</span> <span class='ocrx_word' id='word_1_299' title='bbox 975 3249 1244 3308; x_wconf 86' lang='grc' dir='ltr'>Φοινίκων</span> <span class='ocrx_word' id='word_1_300' title='bbox 1259 3249 1534 3327; x_wconf 89' lang='grc' dir='ltr'>μαθόντες</span> <span class='ocrx_word' id='word_1_301' title='bbox 1555 3249 1907 3328; x_wconf 76' lang='grc' dir='ltr'>κιννάμωμον</span> 
     </span>
    </p>
   </div>
  </div>
 </body>
</html>
