2250 3500
314 99 599 164 126-129]
901 102 1354 154 ΜΕΔΠΟΜΕΝΗ.
1823 107 1916 156 331

313 181 494 242 σεσθε
532 178 678 251 τότε,
713 181 823 240 εἴτε
857 180 990 259 ὖμῖν
1029 183 1412 262 μαχησόμεθα
1440 183 1705 260 περὶτῶν
1727 184 1924 261 τάφων

314 269 425 329 εἴτε
459 268 552 327 καὶ
588 267 653 328 ου’
690 269 1089 347 μαχησόμεθα·
1133 270 1404 347 πρότερον
1441 271 1516 340 δὲ,
1544 270 1614 347 ἦν
1637 272 1721 349 μὴ
1745 272 1924 351 ἦμέας

312 356 487 438 λόγος
529 360 677 434 αἱρῇ,
722 356 789 416 οὗ
833 358 1188 435 συμμίξομέν
1233 385 1342 419 τοι.
1411 358 1562 435 α’μφὶ
1613 362 1718 437 μὲν
1762 362 1922 441 μάχῃ

312 448 568 506 τοσαῦτα
610 444 870 521 εἰρήσθω·
926 445 1205 510 δεσπότας
1245 447 1311 506 δὲ·
1345 446 1510 523 ἐμοῦς
1550 446 1660 528 ε’γῶ
1700 449 1812 508 Δία
1854 475 1918 509 τε

313 534 519 609 νομίζω
551 532 653 594 τὸν
687 532 823 610 ἐμᾷν
847 533 1144 615 πρόγονον,
1174 535 1268 594 καὶ
1296 533 1512 610 Ἱστίην
1533 534 1640 610 τήν
1667 537 1922 600 Σκυθέων

312 621 640 696 βασιλειαν,
681 620 919 699 μούνους
966 621 1124 682 εἶναι.
1191 623 1290 682 σοὶ
1330 623 1390 682 δὲ
1431 621 1554 683 ἀντὶ
1593 625 1698 699 μὲν
1738 622 1922 702 δώρων

312 713 421 790 γῆς
462 733 527 768 τε
570 710 662 769 καὶ
704 709 903 774 ὕδατος
949 709 1098 785 δῶρα
1139 709 1344 788 πέμψω
1395 715 1625 770 τοιαῦτα
1679 709 1770 770 οἷά
1823 738 1921 774 σοι

314 796 517 874 πρέπει
563 798 767 858 ἐλθεῖν·
821 796 943 858 α’,ντὶ
984 797 1044 856 δὲ
1086 802 1189 857 τοῦ
1231 797 1316 858 ὅτι
1372 797 1650 874 δεσπότης
1703 800 1921 876 ἔφησας

316 884 457 944 εἶναι
486 885 635 961 ἐμὰς,
668 885 883 945 κλαίειν
916 884 1117 966 λέγω.”
1195 883 1386 968 [τοῦτό
1423 889 1549 945 ἐστι
1573 885 1613 961 ἦ
1639 884 1754 946 ‹in-<3
1782 887 1921 950 Σκυ-

315 971 455 1032 θέων
495 971 709 1054 ῥῆσις.]
786 971 820 1033 ὅ
865 973 970 1050 μὲν
1016 971 1085 1049 δὴ
1130 973 1305 1050 κῆρυξ
1355 973 1584 1052 οἰχώκεε
1635 972 1922 1055 ἀγγελέων

312 1063 493 1122 ταῦτα
521 1062 757 1140 Δαρείῳ.

399 1151 475 1207 Οἱ
505 1148 565 1206 δὲ
592 1149 848 1212 Σκυθέων
876 1150 1151 1224 βασιλέες
1175 1147 1516 1214 ἀκούσαντες
1546 1151 1650 1225 τῆς
1680 1149 1876 1210 δουλο-
1898 1151 2014 1209 128

316 1242 492 1312 σύνης
527 1235 596 1296 τὸ
636 1235 863 1313 οὕνομα,
890 1237 1065 1317 ὀργῆς
1105 1237 1502 1312 ἐπλήσθησαν.
1582 1238 1689 1314 τήν
1716 1240 1820 1313 μὲν
1845 1238 1915 1313 δή

312 1322 461 1401 μετὰ
515 1324 920 1401 Σαυροματέων
980 1329 1186 1401 μοῖραν
1245 1325 1558 1402 ταχθεῖσαν
1616 1327 1719 1399 τῆς
1777 1324 1922 1404 ἦρχε

316 1410 618 1475 Σκώπασις
665 1412 973 1487 πέμπουσι,
1015 1409 1180 1470 Ἴωσι
1234 1411 1550 1474 κελεύοντες
1603 1416 1658 1473 ἐς
1710 1411 1918 1491 λόγους

316 1497 637 1569 ἀπικέσθαι,
651 1499 905 1559 τούτοισι
932 1499 986 1557 οἳ
1002 1498 1103 1559 τὸν
1117 1497 1350 1574 Ἴστρον
1369 1498 1692 1578 ἐζευγμένον
1714 1497 1917 1574 ἐφρού-

315 1611 466 1664 ρεον·
513 1585 695 1646 αὐτῶν
720 1586 779 1646 δὲ
805 1590 962 1648 τοῖσι
991 1585 1492 1662 ὑπολειπομένοισι
1517 1585 1670 1655 ἔδοξε
1694 1588 1918 1646 πλανᾶν

315 1676 422 1754 μὲν
465 1676 664 1752 μηκέτι
711 1675 959 1752 Πέρσας,
1005 1677 1142 1734 σῖτα
1185 1674 1244 1734 δὲ
1277 1665 1557 1734 ἱε’κοὶστοτε
1601 1672 1919 1752 ἀναιρεομέ-

316 1789 470 1823 νοισι
496 1764 861 1824 ἐπιτίθεσθαι·
903 1766 1189 1840 νωμῶντες
1223 1762 1298 1822 ὧν
1330 1766 1466 1824 σῖτα
1499 1761 1920 1840 ἀναιρεομένους

315 1850 448 1915 τούς
475 1852 716 1928 Δαρείου
756 1850 975 1911 ἐποίευν
1003 1851 1077 1911 τὰ
1108 1852 1560 1928 βεβουλευμένα.
1640 1850 1679 1926 ἦ
1715 1853 1820 1926 μὲν
1849 1849 1919 1926 δή

319 1939 491 2003 ἵππος
523 1938 629 2014 τήν
666 1938 839 2001 ἵππον
874 1938 982 1997 αἰεὶ
1016 1938 1292 2014 τρέπεσκς
1331 1939 1370 2014 ἦ
1411 1942 1522 1998 τῶν
1548 1939 1822 2002 Σκυθέων·
1865 1940 1920 1996 οἱ

318 2027 381 2087 δὲ
420 2030 530 2087 τῶν
571 2027 841 2104 Περσέων
886 2025 1119 2086 ἱππόται
1165 2024 1468 2104 φεύγοντες
1513 2026 1816 2083 ἐσέπιπτον
1862 2028 1918 2086 ἐς

315 2113 419 2175 τᾶν
457 2113 645 2185 πεζόν·
684 2113 718 2174 ὁ
750 2113 811 2173 δὲ
840 2113 1007 2183 πεζός
1044 2110 1114 2171 ἂν
1156 2110 1465 2187 ἐπεκούρεε·
1509 2113 1562 2170 οἱ
1603 2109 1662 2169 δὲ
1704 2109 1935 2174 Σκύθαι’

319 2200 691 2278 ἐσαράξαντες
722 2200 827 2276 τὴν
865 2201 1037 2259 ἵππον
1070 2198 1447 2276 ὑπέστρεφον,
1479 2196 1579 2257 τόν
1609 2195 1777 2267 πεζὸν
1814 2203 1918 2273 φο-

317 2288 604 2366 βεόμενοι.
685 2290 972 2347 ἐποιεῦντο
1014 2287 1074 2347 δὲ
1110 2287 1205 2346 καὶ
1242 2286 1343 2348 τὰς
1381 2282 1579 2349 νύκτας
1618 2288 1917 2360 παραπλη-

318 2378 451 2438 σίας
473 2372 815 2453 προσβολᾶς
838 2377 893 2434 οἶ
926 2374 1156 2439 Σκύθαι.
1237 2373 1316 2433 Τὸ
1343 2372 1404 2432 δὲ
1431 2376 1586 2433 τοῖσι
1611 2372 1884 2451 Πέρσῃσί
1899 2374 2012 2432 129

316 2490 381 2524 τε
405 2462 477 2539 ἦν
511 2463 814 2542 σύμμαχον
841 2464 933 2522 καὶ
970 2466 1125 2522 τοῖσι
1168 2460 1421 2540 Σκύθῃσι
1459 2460 1715 2531 ἀντίξοον
1751 2466 1918 2521 ἐπιτι-

319 2552 607 2628 θεμένοισι
645 2555 723 2630 τῷ
754 2551 995 2627 Δαρείου
1031 2549 1410 2628 στρατοπέδῳ,
1452 2549 1612 2626 θῶμα
1647 2549 1922 2629 μέγιστον

320 2641 473 2715 ἐρέω·
506 2642 615 2699 τῶν
640 2664 703 2699 τε
728 2637 867 2699 ὄνων
892 2637 931 2715 ἦ
957 2638 1115 2715 φωνή
1144 2638 1236 2698 καὶ
1260 2640 1372 2698 τῶν
1395 2635 1640 2713 ἡμιόνων
1665 2635 1730 2695 τὸ
1756 2635 1918 2698 εἶδος.

320 2726 449 2786 οὔτε
470 2727 581 2807 γὰρ
608 2725 737 2787 ὄνον
764 2725 891 2785 οὔτε
920 2724 1155 2802 ἡμίονον
1178 2729 1255 2805 γῆ
1281 2724 1320 2799 ἦ
1358 2722 1604 2797 Σκυθική
1633 2722 1810 2797 φέρει,
1847 2722 1919 2786 ὥς

320 2813 416 2873 καὶ
438 2812 711 2891 πρότερόν
735 2839 834 2892 μοι
860 2812 1183 2889 δεδήλωται·
1227 2810 1352 2869 οὐδὲ
1378 2811 1500 2869 ἔστι
1529 2813 1587 2868 ἐν
1621 2812 1694 2885 τῇ
1722 2810 1920 2871 Σκυθι-

320 2904 395 2979 κῇ
416 2900 580 2980 πάσῃ
604 2900 759 2981 χώρῃ
783 2901 853 2961 τό
888 2900 1155 2977 παράπαν
1191 2897 1319 2963 οὔτε
1351 2895 1492 2965 ὄνος,
1523 2894 1648 2955 οὔτε
1673 2895 1927 2971 ἡμίονος,

320 2987 413 3047 διὰ
458 2988 531 3049 τοὶ
584 2988 787 3068 ψύχεα.
867 2988 1190 3065 ὑβρίζοντες
1233 2983 1306 3044 ὦν
1346 2986 1399 3043 οἱ
1439 2981 1558 3043 ὄνοι
1598 2982 1922 3059 ἐτάρασσον

318 3077 425 3151 τήν
449 3077 623 3137 ἵππον
646 3080 757 3137 τῶν
784 3077 1057 3141 Σκυθέων·
1096 3071 1378 3135 πολλάκις
1403 3070 1478 3141 δὲ,
1507 3070 1922 3131 ἐπελαυνόντων

322 3164 417 3223 ἐπὶ
445 3165 575 3232 τούς
614 3166 864 3242 Πέρσας,
891 3162 1102 3240 μεταξι)
1145 3161 1283 3224 ὅκως
1322 3159 1621 3219 ἀκούσειαν
1662 3161 1716 3217 οἱ
1759 3158 1922 3217 ἵπποι

318 3254 432 3312 τῶν
472 3250 612 3312 ὄνων
650 3254 754 3329 τῆς
794 3254 1001 3327 φωνῆς,
1042 3246 1429 3327 ἐταράσσοντό
1464 3270 1530 3309 τε
1566 3244 1922 3329 ὑποστρεφό-
