2250 3500
369 83 465 132 288
963 90 1331 139 ‘HPOAOTOT
1837 87 1968 152 [IV.

274 165 347 223 21
450 161 657 224 Τάναϊν
680 163 741 224 δὲ
763 165 1019 244 ποταμόν
1043 164 1305 241 διαβάντι
1330 162 1515 225 οὐκέτι
1541 163 1807 241 Σκυθικὴ,
1833 166 1974 226 ἀλλ’

367 251 406 328 ἠ
435 254 539 329 μὲν
572 251 765 330 πρώτη
803 257 913 313 τῶν
943 254 1151 323 λαξίων
1187 253 1591 330 Σαυροματέων
1623 253 1767 313 ε’στί·
1811 253 1868 314 οἳ
1908 261 1974 316 ἔκ

367 343 471 400 τοῦ
493 343 677 418 μυχοῦ
703 339 1001 417 ἀρξάμενοι
1018 344 1118 416 τῆς
1134 339 1443 415 Μαιήτιδος
1469 340 1686 416 λίμνης,
1709 340 1974 418 νέμονται

368 426 433 487 τό
469 425 611 504 πρός
638 427 825 503 βορῆν
863 426 1067 505 ἄνεμον
1104 427 1352 504 ἡμερέων
1383 427 1777 486 πεντεκαίδεκα
1817 428 1970 502 ὁδόν,

366 518 561 574 πᾶσαν
613 517 819 575 ἐοῦσαν
857 513 1034 592 ψιλήν
1074 515 1168 573 καὶ
1215 513 1420 594 ἀγρίων
1459 515 1553 573 καὶ
1591 514 1812 593 ἡμέρων
1853 517 1971 577 δεν·

368 602 556 679 δρέων·
635 600 1021 680 ὑπεροικέουσι
1088 602 1150 660 δὲ
1211 600 1419 662 τούτων
1482 601 1740 678 δευτέρην
1804 603 1972 673 λάξιν
1993 643 2009 653 ι

370 691 587 769 ἔχοντες
631 690 903 760 Βουδῖνοι,
929 694 1039 769 γῆν
1068 687 1363 766 νεμόμενοι
1392 692 1588 748 πᾶσαν
1619 689 1830 766 δασέην
1857 691 1970 772 ὕλῃ

274 779 351 838 22
375 778 629 857 παντοίῃ·
670 779 945 838 Βουδίνων
985 778 1045 836 δὲ
1085 775 1393 852 κατύπερθε
1431 776 1573 853 πρός
1609 778 1813 854 βορῆν,
1846 781 1970 840 ἔστι

374 864 565 944 πρώτῃ
594 867 699 942 μὲν
733 869 938 943 ε’ρῆμος
976 863 1060 924 ἐπ’
1086 863 1334 944 ἡμερέων
1373 864 1512 924 ἑπτά
1553 863 1702 934 όδόν,
1731 865 1877 941 μετὰ
1909 867 1968 927 δὲ

366 953 474 1027 τήν
524 957 744 1030 ἐρῆμον,
784 949 1145 1012 ἀποκλίνοντι
1182 955 1410 1028 μᾶλλον
1447 951 1590 1029 πρός
1641 950 1970 1031 ἀπηλιώτην

370 1038 587 1115 ἄνεμον,
640 1041 898 1116 νέμονται
948 1040 1330 1121 Θυσσαγέται,
1385 1041 1540 1102 ἔθνος
1595 1041 1819 1100 πολλόν
1875 1043 1969 1102 καὶ

368 1127 525 1187 ἴδιον·
568 1125 771 1198 ζώουσι
804 1128 863 1187 δὲ
902 1127 1015 1188 ἀπὸ
1056 1127 1248 1204 θήρης.
1329 1128 1587 1207 συνεχέες
1623 1128 1683 1187 δὲ
1714 1128 1970 1192 τούτοισι

371 1219 431 1274 ἐν
466 1218 619 1274 τοῖσι
672 1215 893 1276 αὐτοῖσι
942 1215 1172 1276 τόποισι
1213 1217 1600 1292 κατοικημένοι
1651 1217 1764 1276 εἶσὶ
1814 1222 1970 1279 τοῖσι

373 1301 583 1381 οὔνομα
620 1305 795 1365 κείται
818 1303 1043 1382 Ἰὓρκαι,
1074 1305 1166 1362 καὶ
1201 1300 1356 1362 οὗτοι
1394 1302 1506 1363 ἀπό
1541 1303 1714 1380 θήρης
1737 1305 1971 1376 ζώοντες

370 1391 558 1472 τρόπῳ
595 1393 804 1474 τοιῷδε
845 1395 996 1472 λοχᾷ
1037 1392 1130 1450 ἐπὶ
1182 1391 1432 1466 δένδρεον
1476 1389 1712 1466 ἀναβάς·
1770 1392 1866 1473 (τά
1906 1393 1972 1454 δέ

372 1483 497 1540 ἔστι
520 1480 701 1540 πυκνά
727 1480 833 1541 ἀνά
857 1483 1051 1540 πᾶσαν
1074 1478 1181 1555 τήν
1204 1476 1434 1556 χώρην)
1465 1478 1631 1540 ἵππος
1651 1478 1712 1536 δὲ
1733 1479 1968 1560 ἑκάστῳ,

372 1567 756 1649 δεδιδαγμένος
823 1569 915 1626 ε’πὶ
980 1567 1233 1648 γαστέρα
1286 1566 1508 1625 κεῖσθαι
1571 1566 1970 1643 ταπεινότητος

372 1655 568 1724 εἵνεκα,
611 1655 827 1731 ἔτοῖμός
867 1660 1005 1723 ε’στι,
1048 1655 1142 1712 καὶ
1181 1652 1340 1712 κύων·
1397 1652 1564 1712 ἐπεὰν
1600 1653 1660 1712 δὲ
1697 1652 1868 1732 ἀπίδῃ
1897 1656 1970 1716 τό

372 1742 566 1817 θηρίον
605 1740 717 1801 ἀπό
756 1746 857 1802 τοῦ
897 1741 1166 1818 δενδρέου,
1193 1739 1464 1811 τοξεύσας
1505 1739 1596 1799 καὶ
1637 1741 1842 1817 ε’πιβάς
1873 1745 1970 1803 ε’πὶ

370 1828 469 1887 τόν
502 1829 672 1889 ἵππον
711 1829 907 1899 διώκει,
938 1830 1031 1888 καὶ
1064 1829 1096 1889 ὅ
1131 1829 1270 1889 κύων
1309 1830 1508 1908 ἔχεται.
1592 1828 1732 1905 ὖπὲρ
1759 1830 1820 1888 δὲ
1844 1831 1969 1890 τού-

368 1941 492 1986 των,
528 1916 596 1976 τὸ
634 1917 776 1994 πρός
807 1918 911 1993 τήν
942 1916 1027 1993 ήῶ
1065 1917 1425 1977 ἀποκλίνοντι
1465 1916 1710 1977 οἰκέουσι
1751 1916 1970 1981 Σκύθαι

371 2004 557 2075 ἄλλοι,
585 2004 697 2066 ἀπὸ
724 2010 835 2066 τῶν
858 2006 1182 2082 βασιληίων
1210 2004 1464 2067 Σκυθέων
1499 2003 1847 2069 ἀποστάντες
1872 2006 1968 2065 καὶ

376 2092 516 2153 οὕτω
543 2092 868 2171 ἀπικόμενοι
895 2099 951 2157 ἐς
975 2098 1178 2153 τοῦτον
1201 2091 1302 2151 τὸν
1327 2096 1530 2169 χῶρον.

273 2183 352 2241 23
450 2183 638 2260 Μέχρι
677 2185 781 2259 μὲν
820 2181 889 2256 δή
928 2185 1028 2255 τῆς
1068 2178 1277 2239 τούτων
1315 2182 1426 2238 τῶν
1467 2177 1722 2242 Σκυθέων
1759 2178 1964 2257 χώρης,

366 2270 491 2329 ἔστι
521 2270 559 2344 ἦ
598 2271 1011 2347 καταλεχθεῖσα
1046 2271 1210 2326 πᾶσα
1243 2265 1434 2329 πεδιάς
1470 2292 1532 2325 τε
1561 2270 1640 2346 γῆ
1667 2267 1760 2325 καὶ
1784 2267 1966 2342 βαθύ-

366 2381 512 2434 γεος·
552 2355 619 2414 τὰ
652 2356 697 2413 δ’
726 2354 839 2414 ἀπό
870 2355 1085 2425 τούτου,
1112 2353 1353 2429 λιθώδης
1381 2352 1428 2413 τ’
1459 2354 1582 2412 ἐστὶ
1615 2354 1708 2411 καὶ
1733 2355 1966 2434 τρηχέη.

366 2442 704 2510 διεξελθόντι
729 2442 790 2500 δὲ
816 2443 908 2501 καὶ
932 2448 1032 2517 τῆς
1071 2441 1308 2521 τρηχέης
1341 2444 1524 2519 χῶρον
1559 2441 1798 2512 πολλὰν,
1828 2445 1967 2502 οἰκέ-

368 2553 497 2587 ουσι
532 2528 785 2606 ὑπώρεαν
824 2529 1027 2608 οὐρέων
1070 2530 1306 2607 ὖψηλῶν
1347 2527 1628 2605 ἅνθρωποι
1667 2528 1968 2609 λεγόμενοι

368 2616 507 2676 εἶναι
558 2617 759 2681 πάντες
812 2619 1097 2694 φαλακροὶ
1152 2623 1213 2677 ἐκ
1264 2620 1458 2697 γενεῆς
1507 2615 1807 2695 γινόμενοι,
1872 2618 1968 2677 καὶ

366 2706 582 2781 ἔρσενες
634 2707 726 2764 καὶ
774 2706 973 2781 θήλεαι
1018 2705 1236 2782 ὁμοίως,
1287 2704 1380 2763 καὶ
1429 2704 1593 2781 σιμοὶ
1641 2704 1733 2762 καὶ
1777 2703 1968 2783 γένεια

366 2795 581 2871 ἔχοντες
630 2793 870 2873 μεγάλα,
914 2793 1105 2869 φωνὴν
1145 2793 1204 2851 δὲ
1259 2792 1399 2867 ἰδίην
1455 2792 1624 2854 ἱέντες
1663 2790 1864 2866 ε’σθῆτι
1906 2792 1970 2851 δὲ

364 2880 665 2957 χρεώμενοι
706 2881 967 2959 Σκυθικῇ,
1012 2881 1208 2950 ζῶντες
1249 2879 1310 2938 δὲ
1351 2878 1464 2938 ἀπὸ
1509 2878 1789 2956 δενδρέων·
1829 2904 1966 2939 πον-

362 2968 515 3027 τικόν
540 2971 643 3045 μὲν
669 2968 877 3044 οὔνομα
901 2972 978 3045 τῷ
1006 2966 1233 3045 δενδρέῳ
1261 2964 1374 3025 ἀπὸ
1405 2969 1505 3026 τοῦ
1533 2968 1688 3037 ζῶσι,
1715 2966 1968 3047 μέγαθος

364 3051 423 3109 δὲ
465 3054 604 3113 κατά
659 3057 864 3128 συκέην
916 3052 1175 3132 μάλιστά
1228 3078 1316 3128 κη·
1387 3054 1602 3130 καρπόν
1654 3053 1714 3112 δὲ
1769 3055 1968 3131 φορέει

366 3138 550 3216 κυάμῳ
591 3141 735 3209 ἴσον,
777 3146 995 3216 πυρῆνα
1036 3140 1095 3199 δὲ
1137 3140 1268 3219 ἔχει·
1316 3145 1484 3201 τοῦτο
1525 3141 1694 3201 ε’πεάν
1731 3142 1966 3222 γένηται

276 3248 289 3255 ·
362 3224 557 3291 πέπον,
597 3230 903 3285 σακκέουσι
946 3226 1233 3301 ἱματίοισι·
1275 3226 1538 3306 ἀπορρέει
1571 3226 1617 3287 δ’
1651 3226 1747 3287 ἀπ’
1789 3227 1968 3289 αὗτοῦ
