2250 3500
380 99 663 166 111—116]
1001 102 1456 152 ΜΕΛΠΟΜΕΝΗ.
1885 109 1980 156 325

374 187 553 242 ταῦτα
577 181 719 258 πρός
736 180 869 244 ’τοῦς
894 180 1146 244 λοιπούς·
1173 185 1244 260 τῇ
1273 182 1332 240 δὲ
1358 183 1641 263 δευτεραίῂ
1665 181 1810 260 ἦλθε
1838 189 1893 249 ἐς
1915 185 1984 246 τό

374 270 581 349 χωρίον
608 267 775 332 αὐτός
801 294 863 328 τε
892 265 1068 338 οὗτος,
1092 269 1185 327 καὶ
1214 269 1399 346 ἕτερον
1423 270 1544 351 ἦγε,
1565 272 1658 330 καὶ
1682 272 1787 347 τήν
1811 271 1982 350 Ἀμα-

375 357 509 430 ζόνα
538 355 662 436 εὗρε
691 357 948 434 δευτέρην
976 356 1151 433 αὐτὴν
1175 357 1582 435 ὗπομένουσαν·
1625 363 1679 418 οἱ
1705 360 1764 419 δὲ
1789 363 1984 420 λοιποὶ

374 445 657 522 νεηνίσκοι
690 443 761 507 ὥς
793 445 1063 505 ε’πῦθοντο
1092 449 1272 505 ταῦτα
1305 445 1398 504 καὶ
1421 446 1580 506 αὐτοὶ
1607 448 1983 508 ἐκτιλώσαντο

372 533 476 598 τοὶς
501 533 707 596 λοιπὰς
725 535 835 593 τῶν
860 531 1198 609 Ἀμαζόνων.
1273 533 1438 592 Μετοὶ
1465 533 1539 608 δὲ,
1569 536 1943 612 συμμίξαντες
1963 537 2078 596 114

372 621 446 682 τοὶ
487 621 842 700 στρατόπεδα
884 621 1064 682 οἴκεον
1105 619 1277 697 ὁμοῦ,
1293 625 1528 702 γυναῖκα
1569 623 1708 702 ἔχων
1748 623 1983 686 ἕκαστος

374 708 585 786 ταύτην
618 713 691 789 τῇ
721 708 787 770 τό
820 712 1040 787 πρῶτον
1073 709 1404 788 συνεμίχθη·
1445 709 1549 784 τήν
1575 710 1634 768 δὲ
1661 709 1854 786 φωνὴν
1877 710 1979 787 τήν

370 798 478 874 μὲν
520 802 631 858 τῶν
672 800 945 879 γυναικῶν
988 799 1043 856 οἱ
1086 796 1277 874 ἄνδρες
1319 795 1418 856 οὐκ
1461 798 1714 876 ἐδυνέατο
1757 799 1974 875 μαθεῖν,

372 884 478 962 τήν
506 886 565 946 δὲ
590 889 699 946 τῶν
726 883 938 962 ἀνδρῶν
964 888 1023 944 αἱ
1057 888 1312 966 γυναῖκες
1347 885 1689 964 συνέλαβον.
1774 887 1894 946 ἐπεὶ
1920 887 1980 946 δὲ

376 977 625 1048 συνῆκαν
644 995 650 1000 ·
668 973 953 1048 ἀλλήλων,
984 972 1345 1050 ἔλεξανιπρὸς
1368 973 1469 1036 τοὶς
1505 973 1816 1051 Ἀμαζόνας
1845 974 1980 1036 τάδε

374 1065 429 1120 οἱ
473 1061 684 1139 ἄνδρες·
728 1071 764 1098 “
780 1060 916 1140 ἡμῖν
960 1061 1071 1122 εἶσὶ
1111 1063 1217 1140 μὲν
1256 1061 1456 1132 τοκέες,
1491 1063 1600 1122 εἶσὶ
1641 1063 1701 1122 δὲ
1737 1063 1978 1140 κτήσεις·

373 1153 473 1210 νῦν
508 1148 580 1210 ὧν
611 1151 811 1228 μηκέτι
845 1153 1061 1210 πλεῦνα
1094 1149 1299 1228 χρόνον
1332 1149 1464 1226 ζόην
1497 1149 1716 1224 τοιήνδε
1751 1152 1978 1230 ἔχωμεν·

373 1235 508 1296 ἀλλ’
538 1236 877 1300 ἀπελθόντες
904 1243 959 1299 ἐς
985 1236 1051 1296 τὸ
1079 1239 1301 1312 πλῆθος
1328 1237 1678 1314 διαιτώμεθα·
1719 1242 1981 1318 γυναῖκας

374 1324 433 1383 δὲ
479 1325 674 1402 ἕξομεν
712 1323 899 1402 ὖμέας,
930 1325 1023 1384 καὶ
1059 1323 1330 1401 οὗδαμέας
1361 1323 1592 1386 ἅλλας.”
1673 1327 1730 1383 αῖ
1757 1325 1816 1384 δὲ
1841 1324 1981 1402 πρός

372 1417 551 1472 ταῦτα
585 1413 780 1482 ἔλεξαν
805 1411 956 1472 τάδε·
1001 1422 1036 1448 “
1052 1411 1212 1489 ἡμεῖς
1239 1410 1338 1470 οὐκ
1365 1409 1434 1471 ἂν
1462 1411 1760 1488 δυναίμεθα
1787 1413 1981 1472 οἰκέειν

370 1500 515 1577 μετοῖ
544 1505 653 1561 τῶν
679 1499 956 1578 ὖμετέρων
981 1502 1273 1581 γυναικῶν·
1301 1497 1366 1558 οὗ
1391 1497 1501 1580 γὰρ
1522 1499 1592 1558 τοὶ
1615 1499 1756 1558 αὐτοὶ
1776 1498 1980 1576 νόμαια

370 1588 507 1665 ἡμῖν
534 1614 596 1648 τε
622 1589 715 1648 καὶ
742 1589 961 1668 κείνῃσί
983 1594 1125 1648 ἐστι·
1167 1586 1327 1664 ἡμεῖς
1351 1590 1454 1664 μὲν
1478 1586 1775 1664 τοξεύομέν
1798 1612 1862 1646 τε
1887 1588 1980 1646 καὶ

375 1675 741 1755 οἷκοντίζομεν
774 1677 866 1736 καὶ
906 1675 1274 1753 ἱππαζόμεθα,
1306 1677 1440 1759 ἔργα
1477 1675 1536 1735 δὲ
1559 1674 1852 1757 γυναικήῖα
1878 1675 1977 1734 οὐκ

372 1764 674 1842 ἐμάθομεν·
732 1768 790 1824 αἱ
816 1765 877 1823 δὲ
901 1763 1160 1841 ὖμέτεραι
1185 1769 1437 1846 γυναῖκες
1460 1764 1668 1826 τούτων
1691 1767 1795 1841 μὲν
1821 1764 1978 1825 οὐδὲν

369 1856 483 1913 τῶν
523 1852 684 1930 ἡμεῖς
727 1852 1098 1930 κατελέξαμεν
1138 1858 1382 1923 ποιεῦσι,
1415 1854 1548 1934 ἔργα
1589 1854 1648 1912 δὲ
1685 1853 1977 1934 γυναικήϊα

302 2001 310 2007 „
373 1940 700 2021 ἐργάζονται
725 1942 997 2018 μένουσαι
1019 1946 1076 2000 ἐν
1101 1944 1242 2019 τῇσι
1261 1940 1528 2019 ἁμάξῃσι,
1548 1940 1659 1999 οὔτ’
1682 1942 1772 1999 ἐπὶ
1801 1941 1976 2017 θήρην

374 2032 563 2088 ἰοῦσαι
590 2024 714 2089 οὔτε
742 2027 897 2108 ἄλλῃ
923 2027 1162 2106 οὐδαμῇ·
1193 2026 1294 2085 οὐκ
1321 2024 1389 2086 ἂν
1414 2026 1488 2085 ὧν
1515 2027 1816 2103 δυναίμεθα
1842 2028 1976 2086 ε’κεί-

372 2142 508 2195 νῃσι
535 2118 950 2194 συμφέρεσθαι.
1007 2114 1141 2175 ἀλλ’
1163 2118 1210 2173 εἰ
1234 2113 1525 2190 ,Βούλεσθε
1545 2118 1805 2194 γυναῖκας
1832 2115 1978 2193 ἔχειν

371 2203 548 2281 ἡμέας
589 2205 681 2263 καὶ
724 2204 931 2263 δοκέειν
974 2202 1113 2263 εἶναι
1155 2201 1507 2271 δικαιότατοι,
1537 2199 1792 2263 ἐλθόντες
1821 2202 1975 2278 παροὶ

371 2290 503 2355 τοὺς
527 2294 724 2355 τοκέας
748 2290 1069 2370 ἀπολάχετε
1094 2293 1206 2351 τῶν
1239 2288 1530 2366 κτημάτων
1565 2288 1632 2349 τὸ
1656 2289 1842 2365 μέρος·
1886 2290 1977 2348 καὶ

373 2380 563 2439 ἔπειτα
590 2379 847 2443 ἐλθόντες
868 2381 1130 2457 οἰκέωμεν
1149 2378 1241 2438 ε’πὶ
1259 2377 1444 2455 ήμέων
1463 2375 1717 2438 affigam-’⁹
1753 2375 1937 2437 Ἐπεί·
1959 2380 2071 2436 115

374 2468 543 2529 θοντο
576 2469 669 2528 καὶ
702 2469 975 2543 ἐποίησαν
1008 2472 1185 2529 ταῦτα
1223 2469 1276 2526 οἱ
1301 2468 1600 2543 νεηνίσκοι.
1684 2467 1809 2527 ε’πεί
1827 2492 1891 2527 τε
1917 2466 1976 2526 δὲ

373 2556 760 2636 ἀπολαχόντες
805 2559 913 2615 τῶν
962 2554 1253 2633 κτημάτων
1297 2554 1364 2615 τὸ
1413 2554 1749 2632 ἐπιβάλλον,
1797 2554 1978 2631 ἦλθον

374 2644 558 2705 ὀπίσω
585 2643 739 2721 παρὰ
764 2642 865 2707 τας
890 2640 1218 2721 Ἀμαζόνας,
1248 2644 1443 2713 ἔλεξαν
1471 2646 1528 2701 αἱ
1559 2646 1811 2723 γυναῖκες
1837 2641 1978 2719 πρός

372 2729 575 2794 αὐτοῦς
612 2730 763 2791 τάδε·
806 2730 1032 2808 ’ςῆμέας
1074 2732 1188 2810 ἔχει
1229 2731 1418 2807 φόβος
1457 2756 1518 2788 τε
1555 2730 1646 2787 καὶ
1673 2730 1806 2801 δέος,
1837 2729 1975 2792 ὅκως

371 2819 486 2899 χρὴ
524 2820 721 2880 οἰκέειν
758 2824 819 2879 ἐν
848 2820 986 2898 τῷδε
1010 2823 1087 2897 τῷ
1120 2818 1297 2896 χώρῳ,
1325 2821 1492 2876 τοῦτο
1516 2819 1620 2893 μὲν
1645 2816 1815 2893 ὑμέας
1839 2816 1976 2876 οἷπο-

371 2906 737 2985 στερησάσας
762 2908 1029 2985 πατέρων,
1045 2909 1212 2966 τοῦτο
1239 2905 1298 2964 δὲ
1323 2904 1426 2980 τήν
1451 2908 1559 2985 γῆν
1583 2904 1687 2979 τὴν
1705 2904 1976 2982 ὑμετέρην

364 2996 768 3073 ,δηλησαμένας
813 2994 1027 3058 πολλά·
1082 2991 1217 3053 ἀλλ’
1258 2992 1382 3051 ε’πεί
1422 3019 1484 3052 τε
1531 2991 1750 3063 ἀξιοῦτε
1795 2991 1972 3069 ἦμέας

372 3088 638 3166 γυναῖκας
676 3084 836 3162 ἔχειν,
865 3081 997 3143 τάδε
1032 3082 1248 3141 ποιέετε
1273 3078 1391 3157 ἅμα
1415 3079 1568 3159 ἡμῖν·
1614 3080 1826 3157 φέρετε,
1857 3080 1976 3149 ἐξα-

362 3173 696 3249 ναστέωμεν
724 3177 783 3231 ἐκ
808 3174 908 3246 τῆς
934 3173 1037 3250 γῆς
1062 3171 1256 3245 τῆσδε,
1285 3168 1376 3229 καὶ
1402 3167 1747 3245 περήσαντες
1773 3167 1976 3228 Τάναϊν

375 3260 635 3339 ποταμὸν
662 3256 972 3335 οἰκέωμεν·”

1050 3256 1378 3319 Ἐπείθοντο
1407 3258 1499 3317 καὶ
1523 3259 1700 3319 ταῦτα
1731 3257 1784 3316 οἱ
1813 3283 1934 3335 νεη-
1955 3257 2068 3315 116

2096 3366 2186 3407 ⁴¹¹
2225 3358 2232 3472 ἱ
