2250 3500
365 92 459 140 192
972 86 1335 143 ‘mommo'r
1855 92 1960 158 [Π.

269 172 383 231 168
399 172 617 250 τέχνας.
698 172 875 249 Γέρεα
934 172 998 231 δέ
1052 179 1167 248 σφι
1219 172 1292 249 ἦν
1357 172 1488 233 τάδε
1555 172 1966 251 ἐξαραιρημένα

359 258 619 336 μούνοισι
670 261 1003 339 Αἰγυπτίων,
1056 258 1238 336 πάρεξ
1299 263 1409 320 τῶν
1472 261 1648 336 ἱρέων·
1730 260 1966 339 ἄρουραι

362 346 629 422 ἐξαίρετοι
674 346 915 406 δυώδεκα
964 345 1180 425 ἑκάστῳ
1231 344 1471 410 οἷτελέες·
1539 346 1602 427 (ἦ
1646 347 1708 407 δὲ
1751 348 1966 428 ἄρουρα

359 433 555 493 ἑκατόν
592 435 815 513 πηχέων
855 435 979 495 ἐστὶ
1018 435 1337 515 Αἰγυπτίων
1375 432 1577 510 πάντη·
1619 434 1653 494 ὁ
1693 435 1756 495 δὲ
1795 437 1964 518 Αἰγύ-

358 545 521 585 πτιος
553 526 737 600 π’ἢχυς
770 522 1034 602 τυγχάνει
1068 522 1197 587 ἶσος
1229 522 1331 583 ἐῶν
1364 526 1442 600 τῷ
1467 523 1704 604 Σαμίῳ.)
1785 528 1965 585 ταῦτα

360 611 464 685 μὲν
502 610 571 686 δὴ
610 614 765 670 τοῖσι
804 610 987 671 ἅπασι
1024 609 1094 687 ἤν
1137 610 1555 688 ἐξαραιρημένα·
1627 610 1762 671 τάδε
1801 612 1862 671 δὲ
1903 618 1964 674 ἐν

358 703 670 777 περιτροπῇ
710 701 1066 775 ἐκαρποῦντο,
1108 699 1202 758 καὶ
1242 697 1457 774 οὐδαμὰ
1499 697 1682 758 «Suros.
1765 704 1961 761 Καλα-

360 788 555 863 σιρίων
594 787 788 865 χίλιοι,
815 785 908 844 καὶ
944 785 1334 863 Ἑρμοτυβίων
1373 785 1561 857 ἄλλοι,
1591 786 1963 865 ἐδορυφόρεον

362 872 609 933 ἐνιαυτόν
642 874 870 932 ἔκαστοι
905 872 1005 932 τὸν
1043 873 1316 948 βασιλέα·
1358 870 1612 931 τούτοισι
1649 870 1695 930 δ’
1723 872 1798 932 ὧν
1828 873 1961 934 τάδε

358 959 538 1036 πάρεξ
559 964 669 1020 τῶν
696 960 971 1037 α’ρουρέων
996 959 1150 1019 ἄλλα
1179 960 1390 1020 ἐδίδοτο
1418 958 1502 1018 ἐπ’
1522 959 1705 1039 ἡμέρῃ
1732 960 1958 1041 ἑκάστῃ,

359 1046 535 1107 ὀπτοῦ
586 1049 751 1109 σίτου
802 1048 1058 1124 σταθμὸς
1107 1048 1272 1107 πέντε
1311 1047 1474 1124 μνέαι
1516 1048 1746 1127 ἑκάστῳ,
1789 1054 1960 1126 κρεῶν

358 1136 541 1210 βοέων
566 1135 664 1195 δύο
689 1137 868 1212 μνέαι,
898 1137 1048 1197 οἴνου
1078 1136 1345 1212 τέσσερες
1373 1135 1702 1213 ἀρυστῆρες.
1784 1140 1962 1197 ταῦτα

357 1226 511 1283 τοῖσι
536 1225 642 1284 αἰεὶ
668 1225 1075 1302 δορυφορέουσι
1102 1223 1325 1283 ἐδίδοτο.

269 1313 379 1371 169
438 1310 602 1372 Ἐπεί
640 1312 703 1373 τε
755 1314 815 1373 δὲ
855 1312 1152 1381 συνιόντες,
1193 1309 1225 1370 ὅ
1259 1336 1328 1369 ,τε
1364 1308 1597 1387 Ἀπρίης
1644 1308 1793 1391 ἄγων
1830 1311 1961 1376 τοῦς

360 1400 678 1478 ἐπικούρους
718 1402 811 1459 καὶ
849 1400 882 1460 ὅ
911 1399 1162 1477 Ἄμασις
1201 1397 1410 1461 πάντας
1449 1399 1578 1463 τούς
1604 1401 1957 1479 Αἰγυπτίους,

358 1487 626 1549 ἀπίκοντο
653 1494 708 1551 ἐς
739 1487 1064 1565 Μώμεμφιν
1096 1486 1282 1557 πόλιν,
1313 1485 1653 1563 συνέβαλον·
1708 1488 1801 1546 καὶ
1827 1493 1958 1565 ἐμα-

358 1576 602 1653 χέσαντο
627 1578 729 1652 μὲν
752 1574 811 1634 εὖ
832 1578 886 1634 οἱ
912 1576 1095 1645 ξεῖνοι,
1115 1574 1324 1649 πλήθεϊ
1345 1575 1404 1633 δὲ
1429 1578 1628 1652 πολλῷ
1647 1572 1959 1641 ἐλάσσονες

360 1663 540 1726 ἐόντες
568 1663 709 1722 κατοὶ
739 1666 907 1722 τοῦτο
941 1663 1300 1737 ἑσσώθησαν.
1381 1661 1620 1740 Ἀπρίεω
1647 1662 1707 1720 δὲ
1733 1662 1960 1743 λέγεται

361 1750 500 1809 εἶναι
524 1751 625 1826 ἥδε
649 1750 687 1825 ἦ
722 1747 951 1820 διάνοια,
992 1748 1120 1826 μηδ’
1149 1748 1216 1810 ἂν
1258 1748 1385 1811 θεόν
1423 1776 1522 1826 μιν
1551 1750 1761 1826 μηδένα
1801 1751 1958 1812 δύνα-

360 1839 498 1898 σθαι
523 1843 739 1898 παῦσαι
762 1842 863 1914 τῆς
891 1839 1223 1915 βασιληίης·
1271 1838 1413 1898 οὕτω
1444 1836 1749 1915 α’,σφαλέως
1778 1842 1956 1919 ἑωυτῷ

362 1926 618 2004 ἱδρῦσθαι
658 1927 858 1988 ἐδόκεε.
942 1928 1035 1986 καὶ
1074 1927 1143 2002 δὴ
1182 1925 1310 1986 τότε
1350 1926 1668 2002 συμβαλών
1707 1927 1953 2004 ἑσσώθη·

362 2016 455 2074 καὶ
486 2017 795 2098 ζωγρηθεὶς,
832 2014 1063 2094 ἀπήχθη
1100 2019 1156 2078 ἐς
1191 2014 1328 2078 Σάϊν
1353 2014 1539 2084 πόλιν,
1578 2013 1727 2088 ἐςτιὶ
1755 2018 1954 2075 ἑωυτοῦ

358 2102 550 2186 [οἰκία]
579 2104 851 2182 πρότερον
891 2103 1067 2173 ἐόντα,
1092 2101 1221 2162 τότε
1259 2101 1319 2161 δὲ
1343 2100 1616 2178 Ἀμάσιος
1648 2101 1755 2178 ἤδη
1780 2105 1951 2178 βασι-

358 2192 511 2266 λήῖα.
594 2193 831 2253 ἐνθαῦτα
895 2192 957 2252 δὲ
1020 2192 1153 2254 τέως
1217 2191 1320 2267 μὲν
1372 2191 1636 2267 ἐτρέφετο
1691 2194 1751 2250 ἐν
1801 2194 1952 2252 τοῖσι

358 2279 737 2354 βασιληίοισι,
766 2280 862 2338 καί
889 2305 987 2354 μιν
1007 2278 1257 2356 Ἄμασις
1299 2276 1358 2337 εὖ
1389 2281 1654 2354 περιεῖπε,
1680 2277 1843 2342 τέλος
1875 2279 1950 2349 δὲ,

356 2367 730 2441 μεμφομένων
755 2367 1070 2446 Αἰγυπτίων
1110 2366 1182 2430 ὥς
1216 2365 1280 2425 οὗ
1320 2370 1476 2424 ποιοῖ
1511 2364 1692 2424 δίκαια
1732 2367 1951 2443 τρέφων

356 2454 456 2513 τόν
481 2455 658 2529 σφίσι
682 2479 743 2514 τε
769 2453 859 2513 καὶ
888 2457 1065 2533 ἑωυτῷ
1091 2456 1373 2533 ἔχθιστον,
1395 2453 1535 2513 οὕτω
1561 2453 1629 2528 δή
1657 2455 1954 2531 παραδιδοῖ

355 2541 455 2601 τὸν
478 2539 713 2618 Ἀπρίην
738 2546 891 2602 τοῖσι
918 2545 1296 2624 Αἰγυπτίοισι·
1339 2545 1395 2602 οἱ
1420 2541 1482 2600 δέ
1504 2567 1602 2619 μιν
1627 2538 1948 2613 ἀπέπνιξαν,

357 2629 451 2689 καὶ
490 2629 676 2688 ἔπειτα
716 2631 927 2707 ἔθαψαν
966 2634 1026 2690 ἐν
1062 2633 1199 2708 τῇσι
1239 2629 1532 2708 πατρῶῃσι
1569 2633 1812 2708 ταφῇσι.
1892 2632 1951 2689 αἱ

358 2717 422 2776 δέ
453 2722 563 2777 εἶσι
596 2721 653 2777 ἐν
688 2722 764 2796 τῷ
795 2721 892 2796 ἱρῷ
921 2721 1021 2793 τῆς
1045 2717 1360 2794 Ἀθηναίης,
1390 2716 1684 2798 ἀγχοτάτω
1719 2720 1819 2776 τοῦ
1853 2743 1951 2794 με-

355 2805 547 2884 γάρου,
574 2804 785 2866 ἐσιόντι
810 2804 1105 2883 ἀριστερῆς
1137 2805 1338 2884 χειρός.
1419 2807 1633 2883 ἔθαψαν
1657 2806 1722 2864 τὲ
1749 2798 1954 2869 Σαῗται

356 2893 565 2956 πάντας
597 2919 728 2958 τους
766 2897 826 2953 ἐκ
860 2897 1033 2969 νομοῦ
1062 2893 1263 2955 τούτου
1303 2894 1634 2974 γενομένους
1667 2893 1954 2970 βασιλέας

357 2980 467 3040 ἔσω
506 2985 567 3041 ἐν
605 2985 684 3061 τῷ
729 2984 843 3061 ἱρῷ.
928 2981 1017 3039 καὶ
1060 2980 1172 3061 γοίρ
1219 2980 1285 3040 τό
1326 2985 1428 3042 τοῦ
1467 2980 1747 3058 Ἀμάσιος
1792 2984 1956 3058 σῆμα

354 3069 635 3145 ἑκαστέρω
669 3071 773 3146 μέν
816 3074 938 3129 ἐστι
978 3073 1079 3128 τοῦ
1118 3067 1367 3149 μεγάρου
1401 3067 1439 3145 ἢ
1476 3070 1544 3131 τό
1577 3073 1679 3130 τοῦ
1713 3068 1957 3149 Ἀπρίεω

356 3155 449 3212 καὶ
475 3160 586 3214 τῶν
615 3158 813 3217 τούτου
847 3154 1232 3232 προπατόρων·
1277 3157 1398 3217 ἔστι
1427 3158 1624 3233 μέντοι
1661 3159 1754 3218 καὶ
1789 3161 1960 3219 τοῦτο

510 3245 538 3261 ἢ

356 3241 417 3296 ἐν
464 3265 537 3318 τῃ
588 3243 737 3321 αὐλῇ
775 3247 877 3302 τοῦ
918 3245 1056 3318 ἱροῦ,
1095 3242 1318 3307 παστοῖς
1367 3245 1557 3322 λιθίνη
1593 3246 1824 3327 μεγάλη
1864 3245 1964 3308 καὶ
