2250 3500
299 75 395 122 346
908 74 1276 124 ·HPvotror
1775 69 1906 136 [IV.

296 151 509 228 οὕνομα
546 150 617 228 ἦν
660 150 960 227 Δημώναξ.
1043 149 1206 213 οὗτος
1252 149 1326 210 ὧν
1373 148 1518 226 ὦνήρ
1567 147 1908 225 ἀπικόμενος

300 243 355 302 ἐς
416 240 520 315 τήν
572 239 835 316 Κυρήνην
886 241 991 316 ,καὶ
1046 238 1242 316 μαθών
1295 239 1524 308 ἕκαστα,
1577 240 1748 298 τοῦτο
1801 239 1908 314 μὲν

297 327 604 406 τριφύλους
649 328 883 404 ἐποίησέ
927 334 1130 404 σφεας,
1178 327 1312 406 τῇδε
1360 326 1584 390 διαθείς·
1645 324 1905 402 Θηραίων

301 417 404 492 μὲν
444 415 555 496 γσῖρ
604 416 697 474 καὶ
735 420 848 476 τῶν
889 416 1182 494 περιοίκων
1224 415 1360 493 μίαν
1401 419 1608 492 μοῖραν
1651 417 1906 491 ἐποίησε,

304 501 491 580 ἄλλην
538 504 599 564 δὲ
639 504 1118 580 Πελοποννησίων
1165 503 1259 562 καὶ
1308 507 1562 580 Κρητῶν,
1602 503 1796 579 τρίτην
1849 503 1924 563 δὲ·

304 592 616 667 νησιωτέων
660 590 899 652 πάντων·
958 595 1125 652 τοῦτο
1180 591 1240 650 δὲ
1290 593 1370 670 τῷ
1391 627 1400 632 -
1419 591 1665 667 βασιλέϊ
1710 589 1914 670 Βάττῳ

302 679 533 756 τεμένεα
577 678 779 749 ἐξελῶν
823 681 917 739 καὶ
963 678 1253 757 ἱρωσύνας,
1296 677 1368 739 τα
1415 677 1572 736 ἄλλα
1611 676 1799 738 πάντα
1839 679 1914 738 ταῖ

307 767 580 845 πρότερον
633 767 785 847 εἶχον
846 771 900 828 οἱ
950 766 1226 844 βασιλέες
1277 771 1334 829 ἐς
1382 767 1564 843 μέσον
1619 769 1697 844 τῷ
1755 765 1915 846 δήμω

310 855 484 931 ἔθηκε.

221 943 333 1000 162
432 941 565 1001 Ἐπὶ
602 943 707 1018 μὲν
745 942 814 1018 δη
852 966 1054 1002 τουτου
1092 946 1195 1002 τοῦ
1227 939 1458 1002 Βάττεω
1500 967 1642 1001 ουτω
1673 940 1914 1001 διετέλεε

316 1029 547 1104 ἔόντα,’
520 1031 609 1088 επὶ
646 1030 707 1088 δὲ
737 1055 838 1090 του
872 1029 1073 1089 τούτου
1108 1029 1306 1094 παιδός
1333 1028 1678 1107 Ἀρκεσιλεω
1714 1026 1914 1105 πολλη

314 1116 532 1195 ταραχὴ
562 1116 690 1194 περὶ
720 1121 832 1177 τῶν
864 1117 1068 1192 τιμέων
1103 1118 1341 1198 ἐγένετο.
1404 1117 1780 1194 Ἀρκεσίλεως
1802 1115 1916 1197 γὰρ

317 1204 349 1264 ὁ
398 1204 617 1264 Βάττου
664 1230 728 1263 τε
777 1207 879 1264 τοῦ
922 1207 1114 1284 χωλοῦ
1161 1206 1256 1264 καὶ
1300 1205 1603 1282 Φερετίμης
1656 1203 1758 1262 οὐκ
1805 1206 1918 1281 ἔφη

320 1292 615 1362 ἀνέξεσθαι
668 1292 809 1352 κατὰ
852 1291 925 1352 τσῖ
972 1291 1005 1352 ὅ
1058 1291 1368 1356 Μαντινεῦς
1414 1291 1696 1368 Δημῶναξ
1742 1292 1916 1364 ἔταξε,

317 1379 472 1440 ἀλλὰ
512 1379 741 1440 ἀπαίτεε
785 1380 858 1440 τὰ
901 1383 1011 1440 τῶν
1056 1380 1346 1462 προγόνων
1395 1380 1584 1458 γέρεα.
1667 1379 1921 1441 ἐνθεῦτεν

318 1463 635 1540 στασιάζων
692 1467 937 1543 ἒσσῶθη,
992 1469 1083 1526 καὶ
1144 1470 1318 1548 ἔφυγε
1371 1473 1426 1530 ἐς
1481 1468 1695 1543 Σάμον·
1766 1466 1805 1543 ἦ
1859 1467 1922 1526 δὲ

316 1555 503 1632 μήτηρ
544 1559 599 1615 οἱ
641 1561 696 1619 ἐς
742 1557 1038 1640 Σαλαμῖνα
1082 1559 1184 1631 τῆς
1230 1553 1465 1632 Κύπρου
1513 1555 1707 1635 ἔφυγε.
1791 1559 1923 1633 (τῆς

318 1643 377 1700 δὲ
420 1644 737 1718 Σαλαμῖνος
776 1646 974 1701 τοῦτον
1016 1642 1116 1702 τὸν
1157 1641 1363 1722 χρόνον
1405 1641 1700 1718 ἐπεκράτεε
1740 1642 1923 1702 Eam·
1965 1701 1970 1704 .

321 1728 501 1799 θων,““
467 1755 528 1791 ος
551 1756 617 1788 το
646 1734 704 1787 ἐν
734 1732 1023 1804 Δελφοῖσι
1051 1729 1486 1807 θυμιητήριον,’
1459 1729 1552 1790 εόν
1570 1728 1921 1806 αξιοθέητον,

320 1815 567 1892 οἷνέθηκε,
592 1842 659 1875 το
702 1820 760 1875 ἐν
797 1819 875 1895 τῷ
898 1818 1219 1924 Κορινθίων
1251 1819 1534 1897 θησαυρω
1549 1819 1750 1878 κέεται·
1793 1818 1922 1879 οἷπι-

321 1902 525 1980 κομένη
552 1904 611 1963 δὲ
642 1902 793 1981 παρὰ
824 1907 1023 1965 τοῦτον
1052 1904 1089 1981 ἦ
1127 1898 1411 2001 Φερετίμη
1439 1896 1642 1965 ἐδέετο
1634 1911 1925 1983 ’στρατιῆς

322 1990 361 2069 ἢ
388 1991 613 2061 κατάξει
647 1992 832 2069 σφέας
872 1998 927 2056 ἐς
957 1993 1060 2068 τὴν
1094 1985 1375 2070 Κυρήνην·
1415 2020 1448 2053 ο
1478 1986 1540 2052 δέ
1562 2020 1630 2075 γε
1653 1993 1926 2055 Εὐέλθων

319 2084 436 2141 πᾶν
458 2079 744 2158 μαλλον
708 2108 745 2157 η
771 2080 1043 2158 στρατιήν
1068 2083 1121 2140 οἱ
1149 2080 1348 2140 ἐδίδου·
1387 2107 1424 2156 η
1452 2081 1513 2139 δὲ
1537 2081 1926 2157 λαμβάνουσα

321 2170 387 2229 τὰ
428 2168 731 2245 διδόμενον,
760 2166 937 2228 καλόν
974 2170 1078 2245 μὲν
1119 2168 1229 2244 ἔφη
1272 2170 1364 2227 καὶ
1397 2172 1565 2230 τοῦτο
1601 2169 1756 2238 εἶναι,
1788 2170 1923 2229 κοίλ-

322 2262 449 2317 λιον
488 2257 547 2316 δὲ
588 2260 763 2316 ε’κεῖνο
801 2255 867 2316 τὸ
901 2256 1089 2315 δοῦναί
1121 2260 1176 2316 οἳ
1209 2255 1440 2335 δεομένῃ
1467 2256 1772 2333 στρατιήν·ἱ
1799 2262 1927 2317 τοῦ·

319 2371 387 2405 το
436 2345 526 2402 ἐπὶ
572 2345 739 2402 παντὶ
784 2344 894 2425 γὰρ
936 2347 1013 2422 τῷ
1059 2343 1325 2423 διδομένῳ
1379 2344 1555 2421 ἔλεγε,
1601 2345 1928 2405 τελευταῖόν

322 2435 377 2490 οἱ
424 2431 698 2508 ἐξέπεμψε
744 2431 921 2508 δῶρον
967 2431 1001 2490 ὁ
1044 2430 1308 2491 Εὐέλθων
1354 2430 1628 2508 ἄτρακτον
1679 2431 1929 2509 χρύσεον

324 2519 415 2579 καὶ
460 2517 763 2595 ἠλακάτην,
806 2522 1031 2595 προσῆν
1077 2519 1139 2578 δὲ
1192 2520 1285 2578 καὶ
1339 2519 1528 2596 εἴριον·
1586 2519 1824 2595 εἶπάσης
1868 2520 1928 2579 δὲ

323 2633 476 2671 αυτις
514 2611 615 2681 τῆς
656 2607 959 2684 Φερετίμης
1002 2606 1179 2667 τῶυτ(
1223 2608 1368 2681 ἔπος,
1413 2606 1444 2666 ὁ
1497 2606 1763 2667 Ευέλθων
1815 2608 1926 2683 ἔφη

319 2695 627 2755 τοιούτοισι
677 2698 939 2776 γυναῖκας
984 2694 1304 2771 δωρέεσθαι,
1351 2693 1482 2754 ἀλλ’
1528 2694 1593 2753 οὗ
1639 2695 1926 2774 στρατιῇ.)

230 2783 375 2840 163
380 2789 429 2840 O
488 2783 549 2841 δὲ
606 2782 995 2891 Ἀρκεσίλεως
1028 2785 1230 2843 τοῦτον
1285 2809 1386 2843 τον
1443 2782 1647 2861 χρόνον
1706 2782 1812 2841 ε’ων
1872 2788 1929 2841 ἐν

326 2868 513 2946 Σαμω,
552 2869 866 2949 συνήγειρε
880 2868 1077 2957 ποίντα
1103 2857 1278 2951 ἄνδρα
1321 2870 1412 2928 ἐπὶ
1454 2873 1561 2950 γῆς
1601 2862 1925 2947 οἷναδασμῷἕ

324 2956 743 3033 συλλεγομένου
785 2956 874 3013 δὲ
884 2946 1131 3037 στρατοῦ
1171 2961 1414 3028 πολλοῦ,
1444 2956 1676 3033 ἐστάλη
1698 2960 1755 3019 ε’ς
1785 2961 1925 3015 Δελ-ι

325 3038 469 3107 φούς
516 3039 901 3145 Ἀρκεσίλεως
925 3042 1278 3121 χρησόμενος
1318 3049 1396 3123 τῷ
1429 3046 1756 3124 χρηστηρίω
1801 3042 1930 3121 περὶ

326 3124 579 3183 κατόδου·
620 3152 656 3199 η
697 3128 783 3185 ’δὲ
799 3130 987 3205 Πυθίη
1030 3155 1083 3188 οι
1122 3134 1238 3209 χρᾷ
1275 3132 1426 3191 τάδε·
1469 3132 1614 3191 “ε’πὶ
1653 3134 1761 3208 μὲν
1799 3133 1930 3241 reso:

322 3227 509 3278 σερας
544 3210 793 3274 Βαττους
844 3216 937 3273 καὶ
986 3214 1360 3292 Ἀρκεσίλεως
1416 3220 1710 3297 τέσσερας,
1779 3216 1930 3280 duero
