2250 3500
307 80 528 148 οτι-95]
955 85 1280 136 mmmm.
1814 86 1907 137 151

309 159 740 244 ε’·γχριπτόμενοι
773 161 868 222 καὶ
893 161 1165 240 ψαύοντες
1198 161 1271 227 ὥς
1304 162 1579 240 μάλιστα,
1608 163 1701 225 ἴνα
1731 162 1802 240 δὴ
1826 163 1909 242 μὴ

308 249 610 328 ἀμάρτοιεν
639 252 741 325 τῆς
771 248 902 309 ὀδοῦ
934 249 1026 308 διὰ
1059 249 1161 310 τὸν
1185 249 1333 327 ῥόον.
1407 251 1575 313 ε’πεάν
1601 251 1661 312 δὲ
1695 250 1913 328 πληθύ-

311 335 538 399 εσθαι”
502 362 741 417 αρχηται
767 363 798 397 ο
827 340 1054 447 Νεῖλος,
1081 336 1155 397 τά
1179 363 1243 397 τε
1269 341 1434 398 κοῖλα
1459 343 1561 416 τῆς
1586 343 1693 420 γῆς
1719 340 1811 399 καὶ
1837 365 1909 400 τα

308 427 564 504 τέλματα
602 452 674 485 τα
704 451 858 502 παρα
889 423 991 485 τὸν
1029 424 1290 502 ποταμὸν
1328 429 1524 502 πρῶτα.
1562 425 1793 506 ἄρχεται
1822 427 1913 487 πί-

311 514 588 584 πλασθαι,
605 512 920 589 διηθέοντος
944 515 1047 573 τοῦ
1073 510 1325 576 ὕδατος’
1298 539 1359 572 εκ
1385 517 1489 572 τοῦ
1510 513 1915 590 ποταμοῦ·καί

314 599 512 662 αὐτίκα
530 626 594 661 τε
617 600 768 660 πλέα
786 600 999 682 γίνεται
1024 603 1203 662 ταῦτα
1228 601 1321 660 καὶ
1340 603 1688 680 παραχρῆμα
1710 599 1914 680 ἰχθύων

315 692 568 766 σμικρῶν
608 689 888 748 πίπλαται
929 687 1135 748 πάντα.
1218 687 1383 749 κόθεν
1424 687 1484 747 δὲ
1528 687 1677 752 οἰκὸς
1716 687 1917 754 αὐτοῦς

316 777 588 858 γίνεσθαι,
617 774 726 857 ἐγώ
750 793 850 852 μοι
877 775 1048 836 δοκέω
1076 776 1393 836 κατανοέειν
1416 779 1605 836 τοῦτο·
1645 779 1749 835 τοῦ
1781 800 1917 853 προ-

318 864 481 942 τέρου
533 865 681 928 ἔτεος
733 861 902 924 ε’πεάν
954 861 1212 942 ἀπολίπῃ
1258 862 1291 924 ό
1346 866 1574 934 Νεῖλος,
1624 865 1677 923 οἰ
1732 863 1919 942 ἰχθύες

322 951 624 1016 ἐντεκόντες
665 949 746 1011 ὥά
786 955 842 1015 ε’ς
886 950 993 1027 τήν
1033 951 1160 1012 ἰλῦν
1204 949 1325 1029 ἅμα
1366 955 1447 1030 τῷ
1494 950 1715 1032 ἐσχάτῳ
1755 951 1917 1012 ὕδατι

321 1037 814 1101 ἀπαλλάσσονται·
854 1037 1025 1099 ε’πεάν
1054 1037 1114 1098 δὲ
1145 1038 1539 1116 περιελθόντος
1572 1043 1674 1099 τοῦ
1709 1039 1918 1119 χρόνου

323 1126 494 1188 πάλιν
515 1128 726 1205 ἐπέλθῃ
743 1126 812 1186 vd
839 1125 1002 1204 ὕδωρ,
1021 1131 1084 1186 ἔκ
1108 1129 1220 1187 τῶν
1240 1125 1358 1186 ὦῶν
1376 1126 1584 1187 τούτων
1604 1128 1919 1204 παραυτίκα

322 1216 570 1296 γίνονται
609 1218 664 1276 οἰ
703 1212 908 1295 ἰχθύες.
973 1215 1068 1274 καὶ
1106 1214 1235 1293 περὶ
1272 1216 1375 1292 μὲν
1404 1215 1537 1279 τοῦς
1574 1216 1733 1295 ἰχθῦς
1774 1214 1919 1276 οὕτω

325 1305 460 1383 ἔχει.

407 1388 709 1468 Ἀλείφατι
734 1390 794 1452 δὲ
821 1391 1091 1472 χρέωνται
1117 1391 1435 1473 Αἰγυπτίων
1458 1393 1515 1452 οἰ
1537 1392 1668 1468 περὶ
1691 1389 1764 1452 τοὶ
1790 1391 1921 1452 ἕλεα
1938 1393 2013 1452 94

328 1479 600 1543 οἰκέοντες
629 1478 742 1540 ‹in-6
767 1483 876 1542 τῶν
901 1479 1312 1557 σιλλικυπρίων
1337 1482 1438 1540 τοῦ
1470 1482 1705 1556 καρποῦ,
1730 1477 1799 1539 τό
1828 1504 1921 1538 κα-

325 1571 494 1628 λεῦσι
519 1569 625 1646 μὲν
650 1566 948 1650 Αἰγύπτιοι
983 1568 1112 1628 κίκι·
1153 1569 1381 1628 ποιεῦσι
1416 1567 1475 1626 δὲ
1509 1564 1631 1626 ὦδε·
1672 1565 1827 1644 παρά
1851 1565 1925 1629 τὰ

325 1656 525 1736 χείλεα
558 1658 669 1716 τῶν
696 1681 760 1716 τε
796 1659 1064 1732 ποταμῶν
1089 1656 1185 1716 καὶ
1216 1659 1330 1717 τιῦν
1358 1655 1599 1732 λιμνέων
1624 1655 1925 1733 σπείρουσι

327 1744 400 1805 τοὶ
452 1743 826 1823 σιλλικύπρια
870 1747 1064 1816 ταῦτα,
1107 1745 1182 1807 τὰ
1228 1750 1288 1807 ἐν
1328 1744 1586 1823 Ἕλλησι
1633 1743 1923 1823 αὐτόματα

329 1831 496 1914 ἄγρια
543 1832 765 1910 φύεται·
817 1836 994 1893 ταῦτα
1040 1837 1100 1895 ἔν
1144 1837 1217 1913 τῇ
1260 1835 1524 1916 Αἰγύπτῳ
1565 1833 1925 1911 σπειρόμενα,

332 1917 548 1996 καρπόν
574 1920 733 1998 φέρει
757 1918 982 1981 πολλόν
1003 1923 1109 1999 μὲν
1136 1921 1389 1983 δυσώδεα
1415 1922 1492 1981 δέ·
1533 1926 1734 1983 τοῦτον
1760 1920 1927 1981 ε’πεοὶν

333 2006 731 2079 συλλέξωνται,
767 2010 822 2068 οἱ
858 2033 963 2086 μεν
999 2008 1271 2087 κόψαντες
1305 2008 1602 2067 ἀπιποῦσι·
1646 2010 1701 2067 οἰ
1736 2007 1796 2065 δὲ
1836 2008 1929 2065 καὶ

333 2093 640 2185 φρύξαντες
685 2094 986 2175 ἀπέψουσι,
1035 2097 1129 2155 καὶ
1179 2121 1247 2156 το
1294 2094 1572 2173 ἀπορρέον
1617 2092 1713 2153 ἀπ’
1760 2092 1929 2153 αὐτοῦ

335 2172 782 2263 συγκομίζονται.
850 2208 973 2244 εστι
1009 2183 1070 2242 δε
1108 2186 1242 2243 πῖον
1282 2183 1375 2241 καὶ
1416 2179 1641 2242 ούδὲν’
1603 2205 1795 2257 ησσον
1828 2183 1930 2239 τοῦ

335 2270 526 2329 ε’λαίου
558 2274 636 2349 τῷ
665 2270 853 2351 λύχνω
882 2272 1179 2348 προσηνὲς,
1207 2268 1388 2346 ὀδμὴν
1423 2268 1485 2329 δὲ
1516 2269 1734 2346 βαρέαν
1764 2267 1931 2345 παρέ-

334 2382 514 2437 χεται.
571 2357 729 2435 Πρός
753 2360 814 2418 δὲ
837 2358 969 2423 τοῦς
995 2358 1257 2422 κώνωπας
1284 2356 1566 2435 ἀφθόνους
1593 2356 1783 2421 ε’όντας
1800 2356 1931 2418 τάδε
1949 2358 2025 2417 95

337 2446 455 2519 σφί
477 2449 601 2506 ἔστι
625 2446 1080 2526 μεμηχανημένα·
1112 2445 1247 2511 τοῦς
1272 2448 1376 2524 μὲν
1395 2445 1467 2506 τοὶ
1493 2444 1605 2507 ἅνω
1629 2450 1741 2507 τῶν
1766 2445 1934 2507 ἐλέων

338 2531 616 2597 οἰκέοντας
642 2536 696 2593 οἱ
724 2534 929 2616 πύργοι
963 2533 1296 2609 ὠφελέουσι,
1325 2539 1379 2599 ἐς
1411 2534 1505 2598 οὓς
1536 2534 1935 2611 ἀναβαίνοντες

339 2621 670 2697 κοιμέονται·
703 2624 758 2681 οἱ
782 2622 895 2704 γάρ
923 2622 1173 2687 κώνωπες
1188 2622 1297 2683 ῦπό
1324 2626 1436 2682 τῶν
1460 2620 1675 2697 ἀνέμων
1701 2620 1801 2679 ούκ
1827 2620 1941 2678 οἶοί

336 2730 400 2766 τε
421 2711 532 2768 εἰσι
555 2708 722 2821 υψοῦ
723 2710 1012 2771 πέτεσθαι·
1039 2714 1195 2770 τοῖσι
1222 2710 1281 2770 δε
1301 2709 1427 2786 περὶ
1445 2735 1517 2768 τα
1538 2710 1670 2766 ἕλεα
1690 2706 1936 2765 οἰκέουσι

337 2794 530 2855 τοῖ’δε
494 2798 618 2857 αντὶ
643 2800 755 2857 τῶν
779 2796 1005 2879 πύργων
1032 2796 1187 2857 ἀλλα
1208 2819 1619 2875 μεμηχανηται·
1661 2818 1771 2854 πας
1796 2791 1939 2870 ἀνηρ

339 2881 518 2943 αύτων
559 2882 1079 2963 ἀμφίβληστρον”
1051 2909 1291 2961 εκτηται,
1329 2886 1407 2961 τῷ
1444 2885 1546 2957 τῆς
1586 2881 1692 2957 μὲν
1728 2877 1939 2956 ἡμέρης

341 2969 557 3050 ἰχθῧς’
520 2970 756 3053 αγρεύει,
782 2998 887 3049 την
913 2972 973 3032 δε
999 2971 1171 3033 νύκτα
1194 2971 1328 3031 τάδε
1356 2968 1502 3047 αύτῷ
1527 2992 1751 3047 χραται·
1785 2971 1844 3027 ἐν
1867 2971 1941 3045 τῇ

339 3056 679 3121 ἀναπαύεται
681 3062 878 3175 κοίτῃ
909 3060 1038 3137 περὶ
1067 3058 1278 3135 ταύτην
1312 3058 1509 3132 ἵστησι
1546 3055 1613 3115 va
1644 3054 1940 3131 ἀμφίβλη-

999 3146 1016 3169 K
1089 3146 1106 3167 Ε
1148 3146 1165 3167 2

339 3170 534 3229 στρον,
557 3148 652 3209 καὶ
677 3148 867 3209 ἔπειτα.
894 3147 1047 3212 ενδυς
1071 3174 1151 3208 υπ
1193 3144 1339 3224 αύτῷ
1371 3142 1728 3203 καθεύδει·οἰ
1756 3142 1816 3201 δὲ
1842 3141 1942 3201 κώ·

341 3258 535 3305 νωπες,
553 3232 625 3312 ἢν
648 3239 754 3314 μὲν
778 3240 839 3296 ἓν
867 3235 1064 3313 ἱματίῳ
1085 3232 1467 3308 ἐνελιξάμενος
1494 3227 1681 3305 εὕδῃ*
1646 3255 1685 3302 η
1711 3228 1942 3299 σινδόνι,
