2250 3500
309 159 594 224 191-193]
1005 163 1232 214 mmo.
1855 169 1919 216 95

307 237 530 317 ἔσχατα
566 241 670 314 τῆς
707 240 906 306 πόλιος
937 242 1273 315 ἑαλωκότων,
1304 242 1435 308 τούς
1462 244 1530 306 τὰ
1562 245 1743 322 μέσον
1778 245 1919 306 οἶκέ·

307 351 476 390 οντας
524 330 636 388 τῶν
689 329 1066 405 Βαβυλωνίων
1117 357 1185 390 ου
1234 331 1531 403 μανθάνειν
1584 333 1917 397 ἑαλωκότας·

307 411 468 473 ἀλλὰ
509 415 720 496 (τυχεῖν
760 415 870 523 γάρ
911 423 1026 494 σφι
1072 421 1279 478 ἐοῦσαν
1326 417 1520 500 ὁρτὴν)
1566 421 1817 498 χορεύειν
1856 446 1921 481 τε

308 505 510 563 τοῦτον
546 503 646 562 τὸν
683 503 888 580 χρόνον
923 505 1018 563 καὶ
1049 509 1110 564 ἐν
1142 503 1468 585 εὐπαθείῃσι
1500 505 1653 577 εἶναι,
1682 513 1739 572 ἐς
1776 508 1809 570 ὃ
1845 507 1915 585 δη

311 590 407 648 καὶ
429 589 497 649 vd
525 589 700 667 κάρτα
727 589 1016 652 ἐπύθοντο.

396 677 512 736 Καὶ
547 677 830 754 Βαβυλῶν
859 683 964 758 μὲν
996 679 1137 740 οὕτω
1172 680 1302 742 τότε
1336 685 1571 759 πρῶτοι)
1592 681 1875 760 ἀραίρητο.
1898 685 2012 744 192

310 763 417 840 τὴν
456 766 516 825 δὲ
555 765 784 845 δύναμιν
821 771 932 828 τῶν
963 769 1343 844 Βαβυλωνίων
1376 773 1655 830 πολλοῖσι
1689 773 1794 846 μὲν
1825 772 1919 832 καὶ

311 852 548 914 ἄλλοισι
586 854 824 930 δηλώσω
868 855 980 932 ὅση
1018 856 1102 920 τίς
1142 861 1283 928 ε’στι,
1324 861 1385 917 ἐν
1424 858 1486 917 δὲ
1524 857 1593 934 δή
1635 858 1727 918 καὶ
1757 859 1917 938 τῶδε·

311 943 554 1018 βασιλεῖ
593 946 672 1022 τῶ
714 943 945 1024 μεγάλω
993 949 1048 1008 ες
1089 971 1118 1000 τ
1132 944 1342 1070 ‘mdmvfl
1354 945 1527 1006 αὐτοῦ
1565 971 1630 1006 τε
1675 947 1768 1006 καὶ
1812 951 1917 1024 τῆς

312 1034 580 1107 στρατιῆς
619 1030 981 1108 διαραίρηται,
1025 1033 1207 1110 πάρεξ
1241 1036 1342 1092 τοῧ
1384 1033 1583 1111 φόρου,
1628 1037 1707 1116 γῆ
1750 1037 1915 1096 πᾶσα

312 1115 452 1194 ὅσης
490 1117 670 1199 ἄρχει·
711 1118 1028 1178 δυωδεκα’
985 1145 1060 1179 ων
1088 1125 1279 1197 μηνῶν
1310 1121 1509 1181 ἐόντων
1536 1125 1593 1186 ἐς
1615 1121 1715 1183 τόν
1740 1127 1913 1184 ἐνιαυ-

310 1204 427 1276 τᾶν,
453 1231 581 1268 τους
610 1206 886 1284 τέσσερας
918 1210 1098 1283 μῆνας
1127 1208 1323 1283 τρέφει
1362 1234 1461 1285 μιν
1498 1208 1538 1285 ἦ
1578 1211 1917 1288 Βαβυλωνίη

308 1292 484 1372 χώρη,
509 1319 638 1356 τους
667 1293 790 1352 ὃε’
757 1292 901 1354 οκτῶ
927 1297 1038 1355 τῶν
1061 1300 1249 1372 μηνῶν
1274 1295 1313 1371 ἦ
1338 1295 1513 1371 λοιπὴ
1540 1301 1701 1356 πᾶσα
1725 1296 1915 1375 Ἀσίη·

313 1379 458 1440 οὕτω
495 1382 818 1457 τριτημορίη
856 1381 896 1457 ἦ
935 1381 1216 1459 Ἀσσυρίη
1247 1407 1403 1461 χωρη
1438 1387 1511 1461 τῇ
1552 1383 1777 1460 δυνάμει
1814 1389 1917 1460 τῆς

312 1465 499 1543 ἄλλης
520 1465 735 1543 Ἀσίης·
776 1470 869 1528 καὶ
901 1494 939 1545 η
973 1468 1120 1548 α’ρχή
1153 1473 1255 1545 τῆς
1278 1468 1461 1548 χώρης
1484 1468 1705 1545 ταύτης,
1732 1469 1836 1545 τήν
1860 1473 1917 1532 οἱ

313 1553 539 1632 Πέρσαι
589 1556 942 1634 σατραπηιην
986 1556 1273 1625 καλέουσι,
1322 1557 1443 1617 ἔστι
1490 1555 1753 1616 απασέων
1804 1561 1915 1619 τῶν

311 1641 526 1723 ἀρχέων
557 1643 779 1704 πολλόν
811 1669 869 1705 τι
899 1644 1189 1721 κρατίστη·
1230 1642 1363 1704 ὅκου
1388 1645 1805 1726 Τριτανταίχμῃ
1837 1649 1917 1706 τῶ

309 1729 666 1809 Ἀρταβαζου
707 1735 768 1792 ἐκ
805 1731 1094 1809 βασιλέως
1135 1732 1316 1812 ἔχοντι
1355 1731 1457 1795 τόν
1503 1731 1700 1843 νομόν
1715 1737 1917 1797 τοῦτον

311 1817 574 1901 α’ργυρίου
612 1845 717 1896 μεν
753 1818 994 1899 προσῄει
1034 1818 1273 1897 εκάστης
1307 1819 1519 1900 ἡμέρης
1555 1805 1783 1899 οἷρταβη
1818 1849 1914 1900 με-

310 1906 440 1983 στή·
498 1906 561 1987 (η
603 1906 665 1966 δε
702 1906 942 1984 οἷρταβη,
984 1932 1191 1985 μετρον
1236 1908 1327 1969 ἐόν
1372 1909 1675 1987 Περσικόν,
1718 1911 1913 1989 χωρέει

308 1995 576 2071 μεδίμνου
611 1993 870 2070 Ἀττικῆς
907 1998 1104 2056 πλεῖον
1141 1996 1345 2075 χοίνιξι
1381 1999 1537 2074 τρισὶ
1574 1996 1913 2076 Ἀττικῇσι·)

313 2080 475 2141 ἵπποι
501 2082 562 2142 δὲ
587 2084 641 2141 οἶ
667 2080 836 2142 αὐτοῦ
859 2080 1010 2158 ἦσαν
1030 2084 1157 2160 ἰδίῃ,
1176 2082 1357 2160 πάρεξ
1371 2088 1483 2143 τῶν
1506 2087 1913 2158 πολεμιστέων,

311 2172 366 2228 οἱ
407 2172 511 2247 μὲν
549 2169 946 2245 ἀναβαίνοντες
986 2169 1088 2233 τὰς
1129 2169 1337 2245 θηλέας
1376 2167 1715 2240 ὀκτακόσιοι,
1759 2172 1821 2229 αἱ
1856 2170 1917 2229 δὲ

307 2257 640 2334 βαινόμεναι
679 2257 1054 2337 ἐξακισχθιιαι
1093 2258 1188 2316 καὶ
1230 2256 1443 2333 μύριαι·
1500 2255 1766 2333 α’,νέβαινε
1802 2255 1915 2339 γὰρ

310 2345 546 2408 ἕκαστος
580 2348 690 2405 τῶν
724 2345 966 2424 ’ἐρσένων
1003 2344 1213 2405 τούτων
1252 2346 1433 2404 εἴκοσι
1474 2344 1695 2409 ἵππους·
1738 2350 1914 2407 κυνῶν

309 2431 373 2492 δὲ
407 2431 650 2494 Ἰνδικῶν
687 2437 930 2493 τοσοῦτο
968 2432 1038 2509 δή
1075 2459 1134 2493 τι
1170 2434 1393 2508 πλῆθος
1438 2434 1721 2512 ἐτρέφετο,
1768 2433 1914 2496 ὥστε

309 2520 575 2597 τέσσερες
623 2524 733 2581 τῶν
785 2525 846 2580 ἐν
889 2524 968 2598 τῷ
1016 2521 1187 2599 πεδίῳ
1248 2525 1431 2600 κῶμαι
1485 2522 1751 2605 μεγάλαι,
1800 2527 1913 2583 τῶν

308 2606 500 2669 ἄλλων
551 2612 747 2668 ἐοῦσαι
791 2607 1029 2677 α’τελέες,
1075 2612 1231 2669 τοῖσι
1277 2612 1409 2670 κυσὶ
1454 2611 1913 2690 προσετεταχάτο

308 2696 466 2755 σιτία
489 2696 774 2775 παρέχειν.
853 2699 1084 2756 τοιαῦτα
1113 2698 1219 2773 μὲν
1242 2701 1319 2756 τῶ
1344 2696 1573 2777 ἄρχοντι
1596 2702 1698 2773 τῆς
1723 2698 1915 2771 Βαβυ-

307 2785 488 2845 λῶνος
527 2781 747 2861 ὑπῆρχε
791 2782 970 2843 ἐόντα..
1053 2782 1129 2843 ‘H
1170 2783 1232 2843 δε
1274 2788 1351 2864 γῆ
1400 2789 1511 2845 τῶν
1554 2782 1873 2860 Ἀσσυρίων
1892 2784 2008 2842 193

307 2870 461 2930 ὕεται
503 2872 608 2947 μὲν
648 2870 839 2951 ὀλίγω,
884 2872 977 2929 καὶ
1021 2870 1088 2931 τό
1137 2872 1407 2949 ἐκτρέφον
1447 2870 1551 2946 τὴν
1604 2872 1761 2947 ῥίζαν
1812 2874 1915 2929 τοῦ

307 2957 473 3017 σίτου
509 2958 633 3017 ἐστὶ
662 2961 849 3017 τοῦτο·
891 2956 1197 3036 ἀρδόμενον
1226 2959 1419 3035 μέντοι
1446 2963 1506 3016 ἐκ
1530 2961 1630 3017 τοῦ
1655 2960 1913 3032 ποταμοῦ

307 3043 604 3121 ἁδρύνεταί
628 3070 692 3104 τε
726 3044 792 3105 τό
827 3044 1006 3121 λήϊον,
1041 3046 1135 3104 καὶ
1170 3045 1533 3126 παραγίνεται
1567 3042 1603 3103 ὅ
1636 3046 1811 3112 σῖτος,
1846 3040 1913 3102 οὗ

309 3130 557 3209 κατάπερ
579 3136 662 3211 Δέν
704 3131 966 3211 Αἰγύπτῳ
1009 3132 1181 3191 αὐτοῦ
1231 3135 1333 3190 τοῦ
1377 3134 1635 3206 ποταμοῦ
1681 3128 1915 3205 οἷναβαί-

309 3244 502 3282 νοντος
537 3224 593 3282 ἐς
626 3218 727 3281 τσῖς
762 3218 1016 3296 α’ρούρας,
1053 3216 1211 3278 ἀλλὰ
1240 3215 1413 3294 χερσί
1442 3240 1503 3275 τε
1530 3216 1625 3275 καὶ
1650 3216 1915 3293 κηλωνηί-

309 3330 430 3365 οισι
487 3304 813 3382 ἅρδόμενος·
877 3304 918 3380 ἦ
968 3303 1080 3384 γάρ
1135 3300 1475 3378 Βαβυλωνίη
1525 3301 1683 3380 χώρη
1732 3306 1914 3371 πᾶσα,
