2250 3500
315 116 378 164 ιε
925 118 1294 168 ἩΡοΔοΤοτ
1843 113 1913 180 [1.

313 192 716 302 ἐπεισέρχεται
716 193 751 263 ὅ
767 200 870 257 τοῦ
889 198 1145 276 Κροίσου
1162 201 1295 260 παῖς
1313 193 1563 272 ἀκηκοὼς
1577 196 1687 254 τῶν
1703 193 1919 256 ἐδέοντο

314 281 371 340 οἶ
395 280 609 339 Μυσοί·
651 280 716 340 οὖ
744 285 996 360 φαμένου
1027 284 1087 344 δὲ
1116 288 1217 345 τοῦ
1245 283 1499 390 Κροίσου
1528 278 1630 344 τόν
1653 306 1721 390 γε
1746 279 1919 342 παῖδά

315 372 430 443 σφι
465 368 840 446 συμπέμψειν,
873 375 1028 454 λέγει
1067 371 1210 448 πρός
1248 369 1418 431 αὐτον
1452 369 1484 431 ὁ
1519 369 1734 447 νεηνίης
1766 367 1915 430 τάδε·

314 450 402 513 “ὥ
420 453 614 532 πάτερ,
630 482 702 516 τα
685 455 1004 518 κάλλιστα
1018 457 1291 536 πρότερόν
1305 482 1433 518 κοτε
1452 457 1545 516 καὶ
1557 453 1918 538 γενναιότατα

313 539 451 618 ἡμῖν
488 539 573 618 ἦν,
615 543 670 607 ἔς
706 568 770 605 τε
814 547 1097 623 πολέμους
1144 546 1237 604 καὶ
1284 549 1339 608 ἐς
1377 569 1553 625 αγρας
1592 544 1919 620 φοιτέοντας

315 626 663 705 εὐδοκιμέειν·
696 634 794 692 νῦν
811 631 873 692 δὲ
897 631 1229 711 ἀμφοτέρων
1251 656 1325 708 με
1340 630 1547 690 τούτων
1565 628 1918 706 ἀποκληίσας

317 716 476 794 ἔχεις,
508 714 635 777 οὔτε
670 718 798 779 τινὰ
835 719 1046 795 δειλίην
1079 744 1181 796 μοι
1217 715 1461 795 παριδὼν
1496 715 1623 777 οὔτε
1656 715 1915 793 ἀθυμίην.

314 807 414 864 νῦν
449 829 513 864 τε
550 805 736 864 τέοισί
768 831 842 882 με
875 805 988 885 χρὴ
1027 804 1249 884 ὄμμασι
1285 806 1340 869 ἔς
1375 829 1439 864 τε
1477 802 1689 884 ἀγορὴν
1728 805 1821 865 καὶ
1855 804 1919 874 ἐξ

315 889 526 970 οἶγορῆς
571 893 868 968 φοιτέοντα
913 893 1241 970 φαίνεσθαι;
1298 894 1448 956 κοῖος
1489 893 1594 969 μέν
1637 917 1721 956 τις
1764 894 1919 952 τοῖσι

315 977 625 1057 πολιήτῃσι
657 979 800 1050 δόξω
841 980 1005 1050 εἶναις
1046 983 1197 1044 κοῖος
1232 979 1296 1040 δέ
1324 1005 1410 1043 τις
1441 983 1515 1058 τῆ
1546 977 1799 1060 νεογάμῳ
1820 1003 1917 1059 γυ-

315 1064 488 1135 ναικί,
529 1065 660 1145 κοίῳ
686 1065 748 1126 δὲ
778 1068 954 1180 ἐκείνη
980 1067 1129 1137 δόξει
1160 1067 1316 1146 ἀνδρὶ
1342 1066 1672 1135 συνοικέειν;
1714 1068 1813 1142 ἐμὲ
1843 1063 1919 1126 ὧν

317 1175 392 1211 συ
424 1149 461 1227 ἢ
489 1153 707 1229 μέθες’
687 1154 822 1214 ιέναι
862 1156 954 1216 ε’πὶ
989 1181 1096 1230 την
1135 1152 1397 1232 θήρην,
1362 1178 1399 1229 η
1430 1153 1585 1235 λόγω
1614 1151 1919 1214 ανάπεισον

224 1238 350 1299 38⁹
317 1265 456 1310 οκως
478 1266 578 1317 μοι
603 1240 806 1318 α’μείνω
831 1243 954 1304 ἐστὶ
971 1246 1149 1303 ταῦτα
1167 1241 1309 1302 οὕτω
1327 1239 1643 1317 ποιεόμενα.
1641 1238 1675 1260 ”
1733 1238 1919 1318 Ἀμεί-

315 1329 484 1403 βεται
502 1331 753 1406 Κροῖσος
768 1330 979 1391 τοῖσδε·
1006 1328 1094 1388 “ω
1111 1333 1233 1400 παῖ,
1251 1327 1376 1389 οὔτε
1395 1328 1606 1403 δειλίην
1623 1325 1751 1388 οὔτε
1768 1327 1919 1388 ἄλλο

317 1413 535 1476 ουδὲν”
498 1441 668 1495 αχαρι
689 1417 936 1494 παριδων
951 1442 1042 1479 τοι
1065 1418 1235 1478 ποιέω
1258 1419 1453 1476 ταῦτα·
1486 1411 1655 1474 ἀλλοί
1666 1441 1768 1493 μοι
1791 1414 1920 1495 ὄψις

315 1501 531 1580 ὀνείρου
567 1509 624 1565 ἔν
661 1508 740 1584 τῷ
770 1531 923 1585 υπνω
957 1509 1241 1565 ἐπιστᾶσα
1276 1505 1387 1580 ἔφη
1423 1527 1494 1562 σε
1532 1501 1920 1582 ὀλιγοχρόνιον

318 1590 570 1652 ἔσεσθαι·
603 1590 714 1652 ὖπό
727 1591 839 1672 γὰρ
858 1596 1065 1672 αἶχμῆς
1084 1591 1344 1669 σιδηρέης
1360 1589 1723 1650 ἀπολέεσθαι.
1778 1589 1920 1668 πρὸς

319 1675 393 1738 ὧν
414 1677 519 1754 τήν
538 1676 670 1756 ὄψιν
686 1678 907 1757 ταύτην,
926 1678 1027 1738 τόν
1048 1703 1112 1739 τε
1135 1677 1320 1759 γάμον
1338 1702 1427 1737 τοι
1448 1679 1648 1738 τοῦτον
1668 1677 1921 1738 ἔσπευσα

319 1765 413 1823 καὶ
428 1766 520 1825 ε’πὶ
536 1765 607 1825 τὰ
622 1766 1183 1844 παραλαμβανόμενα
1198 1758 1297 1825 οὐκ
1314 1764 1641 1842 ἀποπέμπω,
1658 1764 1921 1841 φυλακὴν

317 1854 459 1931 ἔχων
485 1854 539 1913 εἴ
559 1878 664 1918 κως
683 1854 950 1931 δυναίμην
967 1854 1059 1913 ε’πὶ
1082 1857 1187 1929 τῆς
1205 1856 1342 1931 ε’μῆς
1360 1877 1431 1913 σε
1456 1851 1584 1929 ζόης
1603 1852 1918 1931 διακλέψαι.

320 1939 398 2003 εἶς
425 1939 535 2021 γάρ
567 1966 669 2017 μοι
696 1944 900 2018 μοῦνος
931 1940 1221 2021 τυγχάνεις
1252 1940 1353 2001 {etv
1386 1943 1535 2004 παῖς·
1575 1938 1675 2000 τᾶν
1702 1938 1813 2022 γοὶρ
1849 1939 1919 2016 δὴ

321 2027 522 2106 ἔτερον,
549 2028 954 2105 διεφθαρμένον
982 2029 1088 2102 τήν
1116 2026 1309 2105 ἀκοὴν,
1337 2026 1437 2089 οὖκ
1468 2027 1612 2088 εἶναί
1634 2051 1734 2103 μοι
1762 2028 1919 2107 λογί-

216 2116 300 2199 .39
320 2114 538 2192 ζομαι.”
612 2115 940 2194 Ἀμείβεται
984 2114 1018 2177 ὅ
1062 2117 1277 2194 νεηνίης
1300 2115 1523 2178 τοῖσδε·
1570 2124 1607 2152 “
1616 2113 1918 2195 συγγνώμη

317 2206 436 2281 μὲν,
471 2202 514 2263 ὦ
546 2203 740 2282 πάτερ,
765 2205 856 2265 τοὶ
887 2202 1061 2265 ἰδόντι
1093 2230 1165 2285 γε
1198 2203 1331 2282 ὄψιν
1361 2202 1621 2278 τοιαύτην
1654 2202 1783 2279 περὶ
1822 2204 1920 2278 ἐμὲ

319 2290 582 2367 φυλακήν
614 2293 775 2371 ἔχειν·
815 2291 884 2352 τό
915 2292 975 2351 δὲ
1005 2289 1071 2359 οὐ
1105 2289 1399 2368 μανθάνεις
1424 2288 1578 2349 ἀλλὰ
1607 2287 1821 2363 λέληθέ
1847 2313 1921 2348 σε

317 2377 384 2437 vd
411 2377 638 2455 ὄνειρον,
667 2378 767 2455 ε’μέ
786 2403 875 2438 τοι
900 2377 1111 2438 δίκαιόν
1137 2382 1260 2438 ε’στι
1285 2376 1535 2455 φράζειν.
1601 2372 1718 2452 φῄς
1739 2399 1829 2435 τοι
1851 2374 1919 2436 τό

319 2463 531 2542 ὄνειρον
555 2463 665 2525 im?
692 2468 898 2545 αἰχμῆς
929 2465 1191 2542 σιδηρέης
1217 2464 1393 2542 φάναι
1424 2465 1521 2541 ε’μέ
1543 2461 1917 2537 τελευτήσειν·

319 2577 418 2615 υος
447 2552 509 2611 δὲ
540 2554 686 2611 κοῖαι
709 2552 813 2629 μέν
839 2556 951 2613 εἰσι
975 2556 1181 2633 χεῖρες;
1223 2552 1346 2628 κοίη
1373 2551 1433 2611 δε
1464 2554 1641 2630 αἰχμη
1624 2547 1917 2627 σιδηρέη,

318 2637 391 2714 ἣν
415 2664 490 2699 συ
472 2638 748 2715 φοβέαις
782 2643 831 2699 εἰ
854 2665 958 2717 μεν
975 2638 1085 2720 γοὶρ
1103 2665 1216 2699 υπο
1196 2637 1458 2703 ὀδόντος
1480 2662 1570 2698 τοι
1589 2637 1710 2698 εἶπε
1732 2641 1920 2697 τελευ-

317 2724 514 2802 τήσειν
536 2751 626 2803 με,
651 2721 691 2801 ἢ
715 2724 898 2787 αλλου
920 2752 1016 2787 τευ
1046 2726 1080 2787 ὅ
1113 2751 1172 2787 τι
1199 2751 1376 2805 τουτῳ
1385 2727 1558 2831 Jeme,
1582 2728 1729 2805 χρῆν
1755 2723 1825 2799 δή
1849 2747 1921 2784 σε

319 2813 526 2873 ποιέειν
548 2812 622 2873 τοὶ
645 2813 866 2877 ποιέεις·
898 2817 996 2874 νῦν
1014 2813 1135 2873 δὲ’
1099 2839 1215 2873 υπο
1235 2815 1461 2892 αἰχμῆς.
1529 2812 1654 2871 ε’πεί
1672 2835 1734 2871 τε
1761 2809 1835 2871 ὧν
1852 2809 1920 2871 οὗ

224 2904 304 2962 40
321 2900 461 2980 πρὸς
483 2898 741 2979 ἄνδρας
702 2904 839 2977 ημῖν
861 2901 1074 2981 γίνεται
1096 2900 1138 2979 ἦ
1163 2925 1339 2979 μαχη,
1358 2900 1524 2977 μέθες
1546 2923 1637 2975 με.
1636 2896 1668 2918 ”
1732 2896 1921 2975 Ἀμεί·

319 2992 487 3065 βεται
526 2992 795 3067 Κροῖσος·
838 2986 922 3024 “
881 3015 923 3046 ω
963 2989 1083 3057 παῖ,
1119 2989 1244 3047 ἔστι
1281 2990 1357 3066 τῇ
1394 3010 1467 3062 με
1504 2988 1660 3064 νικᾷς
1695 2985 1922 3066 γνώμην

319 3074 647 3152 ἀποφαίνων
669 3074 800 3154 περὶ
822 3078 923 3135 τοῦ
950 3075 1223 3135 ἐνυπνίου·
1257 3072 1329 3137 ὦς
1354 3071 1430 3133 ὧν
1446 3074 1793 3151 νενικημένος
1810 3070 1920 3133 υπό

321 3162 427 3223 σέο
449 3163 858 3245 μεταγινώσκω,
883 3160 1118 3239 μετίημί
1131 3160 1198 3222 τέ
1214 3184 1285 3225 σε
1311 3159 1449 3221 ιέναι
1468 3160 1559 3221 ε’πὶ
1576 3158 1680 3237 τήν
1694 3157 1921 3265 ὀίγρήν.ῃ

229 3249 304 3307 41
401 3248 582 3313 Εἴπας
599 3250 660 3311 δὲ
672 3275 850 3313 ταυτα
867 3277 900 3311 ο
882 3248 1173 3327 ’Κροῖσος
1185 3247 1603 3327 μεταπέμπεται
1614 3247 1714 3309 τόν
1729 3242 1924 3327 Φρύγα

193 3421 262 3469 Β.
