2250 3500
366 159 467 206 222
954 156 1323 205 ‘HPOAOTOT
1827 156 1958 220 [111.

364 234 452 297 ὅτι
476 237 771 313 ἐκκομίσαι
793 262 857 297 τε
882 235 1150 296 ἀδύνατον
1177 236 1261 311 εἴη
1287 234 1556 315 ἀνθρώπῳ
1582 234 1871 312 ἄνθρωπον
1898 242 1962 297 ἐκ

362 326 465 384 τοῦ
498 324 810 401 μέλλοντος
840 325 1100 406 γίνεσθαι
1131 322 1477 403 πρήγματος,
1517 322 1609 383 καὶ
1645 323 1733 383 ὅτι
1769 323 1868 383 οὐκ
1901 324 1963 385 εὖ

362 411 720 487 τελευτήσειν
742 413 945 490 μέλλει
970 410 1339 488 Πολυκράτης
1367 410 1636 489 εύτυχέων
1658 409 1730 471 τά
1759 411 1960 483 πάντα,

364 500 426 563 ὂς
452 501 543 559 καὶ
573 500 645 561 τά
670 498 995 577 ἀποβάλλει
1022 499 1282 576 εύρίσκει·
1322 500 1548 576 πέμψας
1574 498 1638 557 δέ
1667 502 1721 558 οἱ
1750 499 1963 577 κήρυκα

366 594 421 653 ἐς
474 588 667 667 Σάμον
711 587 1041 648 διαλύεσθαι
1092 589 1204 663 ἔφη
1250 585 1354 661 τὴν
1401 586 1622 663 ξεινίην.
1713 586 1839 669 [τοῦ
1891 588 1961 665 δὴ

366 677 545 737 εἵνεκα
588 680 763 737 ταῦτα
810 675 1010 735 ἐποίεε·
1065 675 1156 735 ἵνα
1193 674 1291 750 μή,
1333 676 1634 754 συντυχίης
1677 674 1857 751 δεινῆς
1896 702 1961 736 τε

365 764 458 825 καὶ
484 765 736 846 μεγάλης
767 760 1139 839 Πολυκράτεα
1171 761 1622 837 καταλαβούσης,
1656 761 1822 827 αὐτὸς
1859 762 1962 823 ἀλ-

362 853 560 935 γήσειε
582 853 685 929 τήν
710 851 909 931 ψυχὴν
924 850 994 914 ὥς
1017 850 1147 928 περὶ
1173 851 1352 919 ξείνου
1377 848 1617 931 ἀνδρός.]

272 944 349 1001 44
445 940 574 999 Ἐπὶ
598 944 796 1000 τοῦτον
816 938 884 1014 δὴ
914 938 987 998 ὧν
1012 937 1111 999 τόν
1138 938 1510 1017 Πολυκράτεα
1537 936 1868 1017 εὐτυχέοντα
1886 939 1961 999 τοὶ

364 1028 546 1088 πάντα
577 1026 973 1105 ἐστρατεύοντο
998 1024 1442 1103 Λακεδαιμόνιοι,
1473 1027 1962 1101 ἐπικαλεσαμένων

363 1120 473 1177 τῶν
507 1116 650 1194 μετά
683 1118 860 1175 ταῦτα
885 1114 1173 1189 Κυδωνίην
1204 1114 1309 1190 τήν
1340 1119 1398 1173 ἐν
1426 1114 1625 1193 Κρήτῃ
1654 1114 1962 1175 κτισάντων

365 1206 606 1281 Σαμίων.
674 1202 1043 1282 Πολυκράτης
1082 1202 1142 1262 δὲ
1176 1203 1403 1280 πέμψας
1441 1202 1592 1281 παρὰ
1636 1203 1962 1279 Καμβύσεα

362 1293 462 1354 τᾶν
497 1293 688 1372 Κύρου
722 1293 1079 1374 συλλέγοντα
1111 1289 1359 1369 στρατόν
1393 1290 1478 1350 ἐπ’
1513 1292 1813 1371 Αἴγυπτον,
1849 1291 1960 1351 ἐδε-

362 1380 473 1459 ήθη
493 1381 630 1447 ὅκως
654 1380 724 1443 ἂν
744 1382 837 1440 καὶ
861 1379 989 1458 παρ’
1012 1379 1213 1439 ἐωυτόν
1229 1379 1456 1458 πέμψας
1483 1382 1538 1442 ἐς
1566 1377 1758 1455 Σάμον
1777 1378 1960 1439 δέοιτο

365 1474 629 1549 στρατοῦ·
673 1468 998 1546 Καμβύσης
1032 1468 1093 1527 δὲ
1131 1465 1376 1529 ἀκούσας
1414 1465 1624 1527 τούτων
1662 1465 1961 1544 προθύμως

366 1560 578 1637 ἔπεμψε
624 1563 679 1622 ἐς
724 1556 933 1634 Σάμον,
976 1554 1232 1633 δεόμενος
1278 1554 1674 1633 Πολυκράτεος
1709 1555 1961 1631 ’στρατὸν

361 1644 623 1707 ναυτικὸν
668 1644 786 1721 ἅμα
832 1646 1051 1721 πέμψαι
1104 1648 1282 1723 ἑωυτῷ
1327 1641 1412 1702 ἐπ’
1455 1644 1758 1724 Αἴγυπτον·
1815 1642 1846 1703 ὁ
1899 1644 1960 1703 δὲ

366 1732 623 1803 ἐπιλέξας
672 1736 783 1792 τῶν
833 1730 1023 1792 ἀστῶν
1074 1729 1205 1794 τούς
1254 1730 1543 1792 ύπῶπτευε
1592 1730 1850 1808 μάλιστα
1904 1736 1960 1796 ἐς

366 1820 764 1889 ἐπανάστασιν,
796 1818 1089 1897 ἀπέπεμπε
1119 1819 1538 1896 τεσσεράκοντα
1571 1819 1843 1898 τριήρεσι,
1877 1824 1957 1880 ἐν·

362 1907 687 1986 τειλάμενος
712 1906 1059 1986 Καμβύσῃ’
1026 1908 1211 1967 οπίσω
1234 1907 1462 1972 τούτους
1484 1908 1566 1986 μή
1587 1907 1956 1985 ἀποπέμπειν.

271 1998 346 2056 45
368 1999 440 2055 Οἱ
464 1999 568 2074 μὲν
586 1996 654 2074 δὴ
674 1998 911 2078 λέγουσι
935 2022 1063 2059 τους
1084 1995 1557 2072 ἀποπεμφθέντας
1583 1996 1806 2072 Σαμίων
1824 1994 1956 2077 [fin-6

365 2083 782 2166 Πολυκράτεος]
809 2082 909 2144 οὔκ
934 2082 1289 2142 ἀπικέσθαι’
1263 2108 1318 2146 ες
1343 2084 1646 2164 Αἴγυπτον·
1678 2081 1811 2142 ἀλλ’
1838 2081 1964 2142 ἐπεί

364 2198 428 2232 τε
480 2174 732 2254 ἐγένοντο
778 2177 839 2232 ἐν
881 2170 1172 2250 Καρπάθω
1217 2170 1498 2242 πλέοντες,
1547 2170 1741 2230 δοῦναί
1779 2177 1956 2247 σφισι

365 2259 540 2340 λόγον
566 2261 662 2320 καί
683 2266 794 2336 σφι
820 2259 971 2319 ἀδεῖν
987 2257 1053 2318 τό
1074 2259 1410 2336 προσωτέρω
1433 2258 1633 2334 μηκέτι
1655 2258 1866 2318 πλέειν·
1902 2262 1958 2319 οἱ

366 2347 426 2406 δὲ
458 2346 695 2428 λέγουσι
726 2346 1091 2423 ἀπικομένους
1119 2371 1182 2407 τε
1215 2351 1270 2408 ἐς
1296 2346 1580 2426 Αἴγυπτον
1612 2347 1705 2405 καὶ
1733 2350 1956 2422 φυλασ-

365 2435 652 2510 σομένους,
687 2435 935 2494 ἐνθεῦτεν
974 2433 1175 2498 αύτούς
1203 2433 1532 2511 ἀποδρῆναι·
1575 2435 1958 2495 καταπλέουσι

366 2521 427 2580 δὲ
458 2520 645 2597 ἐςτήν
671 2519 863 2597 Σάμον
889 2520 1259 2598 Πολυκράτης
1286 2524 1454 2598 νηυσὶ
1479 2521 1747 2586 ἀντιάσας
1774 2527 1829 2586 ἐς
1851 2522 1956 2598 μά·-

364 2634 474 2690 χην
504 2611 766 2686 κατέστη·
806 2609 1132 2686 νικήσαντες
1167 2611 1226 2669 δὲ
1263 2613 1318 2670 οἱ
1353 2609 1630 2674 κατιόντες
1654 2609 1958 2688 ἀπέβησαν

368 2703 424 2762 ἐς
456 2698 561 2774 τὴν
588 2702 784 2774 νῆσον·
826 2697 1319 2777 πεζομαχήσαντες
1346 2698 1406 2757 δὲ
1439 2703 1497 2758 ἐν
1529 2697 1674 2778 αὐτῇ
1708 2698 1956 2774 ἑσσώθη-

367 2812 495 2847 σαν·
538 2787 631 2846 καὶ
663 2786 804 2847 οὕτω
830 2786 899 2862 δή
933 2788 1135 2846 ἔπλεον
1166 2790 1222 2850 ἐς
1251 2786 1661 2864 Λακεδαίμονα.
1731 2787 1868 2866 (εἶσὶ
1897 2786 1958 2846 δὲ

370 2874 423 2932 οἳ
450 2876 683 2956 λέγουσι
716 2900 845 2937 τους
880 2872 974 2932 ἀπ’
1002 2872 1289 2955 Αἰγύπτου
1315 2877 1542 2950 νικῆσαι
1567 2873 1955 2952 Πολυκράτεα,

369 2961 643 3041 λέγοντες,
686 2961 810 3037 ἐμοὶ
849 2961 1071 3030 δοκέειν,
1116 2986 1216 3019 ουκ
1256 2959 1450 3037 ὀρθῶς·
1496 2959 1654 3022 οῦδὲν
1690 2962 1804 3043 γάρ
1847 2961 1959 3021 ἔδεε

368 3048 552 3120 σφέας
601 3047 1067 3122 Λακεδαιμονίους
1120 3049 1535 3119 ἐπικαλέεσθαι,
1591 3050 1745 3127 εἴπερ
1800 3048 1960 3109 αυτοὶ

370 3133 545 3192 ἱκανοὶ
582 3133 731 3208 ἦσαν
770 3134 1142 3212 Πολυκράτεα
1179 3135 1680 3212 παραστήσασθαι·
1720 3164 1862 3216 προς
1900 3137 1961 3196 δὲ

367 3217 633 3289 τούτοισι,
650 3220 776 3278 οὔδε
801 3219 971 3302 λογος
998 3220 1184 3298 αἱρέει,
1198 3225 1276 3300 τῷ
1296 3224 1582 3302 ἐπίκουροί
1603 3250 1667 3283 τε
1685 3224 1962 3300 μισθωτοὶ

373 3299 463 3356 καὶ
490 3303 714 3372 τοξόται
740 3305 941 3380 οἰκήϊοι
962 3305 1111 3382 ἦσαν
1135 3306 1344 3376 πλήθεΐ
1371 3310 1585 3370 πολλοὶ
1616 3335 1818 3373 τουτον
1850 3309 1963 3372 ύπό
