2250 3500
400 86 501 156 που
1017 104 1384 157 ἩΡοΔοτοτ
1527 171 1534 179 ⁸
1859 104 1998 171 [111.

322 198 327 203 “
402 187 705 247 Κνωσσίου
731 186 823 246 καὶ
850 190 898 246 εἰ
923 186 993 262 δή
1015 210 1100 249 τις
1122 185 1304 249 ἄλλος
1326 183 1597 263 πρὸτερος
1627 183 1829 247 τούτου
1865 184 2005 263 ἦρξε

398 276 500 349 τῆς
526 273 847 350 θαλάσσης·
885 276 989 350 τῆς
1014 273 1075 332 δὲ
1100 272 1451 350 ἀνθρωπηίης
1475 272 1785 354 λεγομένης
1807 279 2004 355 γενεῆς

399 362 771 439 Πολυκράτης
806 362 931 423 ε’στὶ
954 364 1190 438 πρῶτος,
1217 362 1447 425 ἐλπίδας
1471 360 1695 425 πολλάς
1722 363 1862 440 ἔχων
1883 360 1999 423 Ἰω-

396 449 515 525 νίης
547 474 612 511 τε
647 450 741 509 καὶ
779 448 966 525 νήσων
990 447 1195 526 ἄρξειν·
1235 448 1431 525 μαθὼν
1458 447 1532 509 ὧν
1556 448 1735 509 ταῦτά
1757 474 1856 526 μιν
1880 451 1998 510 δια-

392 536 685 645 νοεύμενον
716 538 749 599 ὁ
777 536 1053 615 Ὀροίτης,
1079 537 1310 616 πέμψας
1339 536 1612 618 ἀγγελίην
1651 538 1810 618 ἔλεγε
1831 537 1994 599 τάδε,-

392 634 428 663 “
444 623 704 703 Ὀροίτης
738 624 1096 701 Πολυκράτει
1133 622 1236 685 ὧδε
1272 626 1447 705 λέγει·
1486 622 1838 701 πυνθάνομαι
1878 630 1994 685 ε’πι-

392 714 691 790 βουλευειν
720 738 793 775 σε
821 713 1128 823 πρήγμασι
1150 712 1472 793 μεγάλοισι,
1499 713 1594 771 καὶ
1615 711 1882 790 χρήματά
1903 736 1994 773 τοι

391 800 493 861 οὔκ
534 802 673 863 εἶναι
698 800 840 861 κατοῖ
865 828 938 861 τα
964 800 1319 877 φρονήματα.
1387 825 1465 860 συ
1493 804 1590 860 νῦν
1617 797 1721 859 ὦδε
1747 800 1992 877 ποιήσας

393 887 663 966 ὀρθώσεις
686 892 791 967 μὲν
816 888 1077 959 σεωυτόν,
1106 887 1314 951 σώσεις
1339 888 1399 947 δὲ
1426 887 1517 946 καὶ
1545 888 1662 964 ε’μέ·
1703 886 1856 968 (ἐμοὶ
1878 888 1989 970 γὰρ

384 975 665 1052 βασιλεῦς
704 976 1032 1053 Καμβύσης
1070 976 1426 1052 ἐπιβουλεύει
1460 975 1717 1046 θάνατον,
1760 977 1858 1036 καί
1889 1002 1990 1053 μοι

384 1067 554 1124 τοῦτο
594 1064 992 1145 ἐξαγγέλλεται
1035 1064 1376 1144 σαφηνέως·)
1425 1063 1500 1123 σύ
1545 1066 1644 1124 νῦν
1664 1142 1668 1145 ⁶
1688 1066 1787 1140 ἐμὲ
1833 1069 1987 1125 ε’κκο-

384 1151 559 1228 μίσας
589 1150 758 1213 αὖτόν
793 1152 886 1210 καὶ
920 1150 1202 1230 χρήματα,
1227 1150 1300 1211 τοὶ
1331 1153 1436 1227 μὲν
1461 1149 1644 1212 αὐτῶν
1670 1150 1836 1215 αὖτός
1875 1153 1984 1231 ἔχε,

384 1238 459 1298 τά
483 1238 543 1299 δὲ
569 1242 667 1317 ε’μέ
694 1240 757 1298 ἔα
783 1240 947 1318 ἔχειν·
990 1238 1193 1299 εἵνεκέν
1210 1263 1274 1298 τε
1298 1237 1615 1317 χρημάτων,
1638 1236 1820 1315 ἄρξεις
1845 1238 1982 1298 οἷπά-

390 1352 501 1405 σης
531 1331 635 1405 τῆς
670 1326 967 1391 Ἑλλάδος·
1010 1330 1059 1385 εἰ
1090 1326 1154 1385 δέ
1182 1350 1282 1402 μοι
1316 1325 1600 1389 ἀπιστέεις
1625 1325 1697 1386 τοὶ
1722 1328 1984 1403 περὶτῶν

382 1414 699 1494 χρημάτων,
739 1416 968 1493 πέμψον
1006 1412 1164 1477 ὅστις
1201 1439 1292 1473 τοι
1337 1413 1678 1497 πιστότατος
1721 1414 1984 1494 τυγχάνει

295 1503 407 1561 123
426 1502 543 1572 ε’ὠν,
583 1508 662 1581 τῷ
701 1502 809 1583 ε’γῶ
850 1499 1153 1571 ἀποδέξω.”
1217 1503 1408 1561 Ταῦτα
1448 1499 1696 1564 ἀκούσας
1725 1499 1759 1560 ὁ
1793 1506 1986 1561 Πολυ-

383 1589 602 1667 κράτης,
628 1590 785 1666 ἥσθη
810 1614 873 1650 τε
898 1591 993 1649 καὶ
1017 1588 1310 1665 ἐβούλετο·
1352 1590 1450 1647 καί
1470 1614 1590 1659 κως,
1613 1589 1853 1667 ἱμείρετο
1871 1590 1982 1671 γοὶρ

380 1676 681 1756 χρημάτων
710 1676 986 1759 μεγάλως,
1014 1675 1339 1754 ἀποπέμπει
1369 1678 1563 1755 πρῶτα
1600 1676 1985 1756 κατοψόμενον

381 1763 728 1840 Μαιάνδριον
762 1764 1128 1842 Μαιανδρίου,
1155 1763 1328 1843 ἄνδρα
1361 1770 1473 1825 τῶν
1511 1763 1716 1836 α’στῶν,
1745 1765 1806 1830 ὅς
1832 1768 1887 1825 οἱ
1911 1764 1983 1842 ἦν

378 1853 829 1932 γραμματιστής·
872 1851 936 1917 ὃς
957 1851 1144 1933 χρόνῳ
1169 1851 1235 1912 οὗ
1260 1855 1462 1931 πολλῷ
1486 1851 1726 1930 ὕστερον
1749 1853 1980 1925 τούτων,

376 1940 478 2001 τόν
508 1941 726 2018 κόσμον
759 1939 858 2002 τὸν
884 1945 945 2000 ἐκ
977 1945 1079 2000 τοῦ
1110 1939 1412 2018 ἀνδρεῶνος
1435 1944 1539 2000 τοῦ
1565 1940 1978 2018 Πολυκράτεος,

380 2029 542 2091 ε’όντα
579 2028 918 2106 ἀξιοθέητον,
946 2028 1180 2105 ἀνέθηκε
1213 2027 1398 2088 πάντα
1429 2033 1485 2092 ἐς
1519 2028 1586 2089 τὸ
1621 2027 1874 2106 Ἡραῖον.
1942 2029 1979 2090 ὅ

378 2116 441 2177 δὲ
476 2117 735 2197 Ὀροίτης
771 2117 965 2194 μαθών
1001 2115 1103 2177 τᾶν
1143 2115 1502 2177 κατάσκοπον
1535 2115 1698 2177 ε’όντα
1733 2117 1980 2195 προσδό-

378 2231 557 2282 κιμον,
592 2206 773 2265 ε’ποίεε
810 2205 1016 2265 τοιάδε·
1057 2203 1338 2281 λάρνακας
1376 2202 1520 2265 ὄκτῶ
1555 2203 1865 2282 πληρώσας
1890 2206 1978 2265 λί-

384 2292 510 2362 θων,
537 2292 691 2367 πλὴν
726 2292 901 2370 κάρτα
930 2292 1181 2372 βραχέος
1210 2295 1311 2351 τοῦ
1341 2292 1471 2369 περὶ
1497 2288 1640 2351 αὖτά
1662 2291 1735 2352 τά
1760 2298 1975 2371 χείλεα,

377 2381 653 2452 ἐπιπολῆς
682 2382 792 2439 τῶν
819 2380 992 2439 λίθων
1014 2404 1232 2458 χρυσον
1256 2379 1525 2455 έπεβαλε·
1567 2379 1888 2456 καταδήσας
1913 2381 1978 2440 δὲ

377 2465 479 2528 τοῖς
513 2465 797 2543 λάρνακας
838 2466 954 2545 εἶχε
994 2468 1235 2544 ἑτοίμας·
1277 2465 1458 2527 ε’λθων
1483 2467 1602 2526 δὲ’
1569 2494 1600 2526 ο
1628 2467 1978 2544 Μαιάνδριος

282 2555 397 2616 124
416 2552 509 2613 καὶ
536 2553 894 2630 θεησάμενος,
916 2553 1228 2664 ἀπήγγειλε
1251 2557 1328 2634 τῷ
1353 2553 1729 2632 Πολυκράτεϊ.
1795 2555 1866 2614 ‘O
1893 2555 1974 2628 δὲ,

370 2641 568 2702 πολλὰ
606 2643 711 2718 μὲν
742 2666 854 2703 των
891 2642 1135 2719 μαντίων
1175 2641 1635 2723 ἀπαγορευόντων
1673 2642 1872 2703 πολλα
1911 2644 1978 2703 δὲ

370 2734 480 2793 τῶν
520 2731 721 2807 φίλων,
754 2731 1057 2790 ἐστέλλετο
1097 2727 1264 2793 adv&
1303 2729 1543 2790 ἀπιέναι·
1583 2729 1726 2808 πρὸς
1762 2730 1839 2800 δὲ,
1878 2733 1972 2791 καὶ

376 2816 603 2894 ἰδούσης
630 2822 734 2894 τῆς
766 2817 1039 2900 θυγατρός
1064 2817 1197 2895 ὅψιν
1223 2819 1477 2878 ἐνυπνίου
1501 2819 1740 2895 τοιήνδε·
1783 2817 1979 2879 ἐδόκεέ

370 2906 426 2962 οἱ
458 2903 561 2964 τᾶν
597 2905 813 2981 πατέρα
850 2910 907 2964 ἐν
936 2907 1014 2984 τῷ
1041 2903 1166 2982 ήέρι
1199 2905 1477 2982 μετέωρον
1507 2905 1686 2977 ε’όντα,
1723 2907 1975 2967 λοῦσθαι

367 2991 473 3064 μὲν
502 2989 614 3050 ΰπό
644 2996 749 3051 τοῦ
781 2989 933 3062 Διός,
959 2993 1224 3070 χρίεσθαι
1248 2993 1309 3050 δὲ
1334 2993 1448 3053 abr&
1479 2997 1582 3054 τοῦ
1612 2993 1800 3069 ἡλίου·
1840 2994 1974 3055 ταύ-

367 3097 473 3148 την
501 3076 699 3136 ἰδοῦσα
728 3077 833 3152 τήν
859 3075 1007 3154 ὄψιν,
1034 3079 1272 3154 παντοίη
1315 3081 1526 3160 ε’γίνετο
1559 3080 1642 3158 μὴ
1679 3079 1974 3158 ἀποδημῆ-

368 3181 471 3216 σαι
498 3184 598 3220 τον
628 3163 1001 3240 Πολυκράτεα
1030 3189 1187 3240 παρα
1209 3191 1308 3226 τον
1333 3166 1612 3244 Ὀροίτεα·
1657 3171 1751 3228 καὶ
1777 3169 1848 3245 δη
1875 3170 1973 3229 καὶ

375 3241 551 3305 ἰόντος
586 3244 753 3304 αυτοῦ
786 3250 878 3307 ἐπὶ
907 3248 1011 3324 τήν
1034 3251 1468 3329 πεντηκόντερον
1495 3255 1894 3332 ἐπεφημίζετο·
1937 3256 1974 3318 ὅ

2205 128 2212 159 1
