2250 3500
374 103 470 154 312
978 95 1344 146 'nPvowow
1893 86 2012 160 [na

372 175 515 254 πρὸς
539 175 669 239 τοῦς
693 174 932 249 Σκύθας,
956 176 1154 256 λέγων·
1184 185 1219 212 “
1235 175 1370 252 ἤμῖν
1393 173 1508 256 γάρ
1534 177 1898 253 καταγελᾶτε,
1927 175 1974 237 ὦ

378 263 605 332 Σκύθαι,
632 251 720 323 ὅτι
743 261 1097 342 βακχεύομεν
1127 263 1217 320 καὶ
1242 261 1418 339 η’μέας
1443 261 1475 321 ὁ
1503 261 1630 326 θεός
1659 261 1970 338 λαμβάνει·

374 353 471 412 νῦν
497 347 658 414 οὗτος
682 350 714 410 ὁ
742 350 949 426 δαίμων
976 350 1068 409 καὶ
1093 349 1193 410 τόν
1221 348 1486 426 ὑμέτερον
1519 349 1777 425 βασιλέα
1801 350 1972 409 λελά-

374 440 536 514 βηκε,
568 439 659 497 καὶ
684 436 953 516 βακχεύει
976 462 1040 497 τε
1066 437 1160 495 καὶ
1184 435 1293 495 §vra
1319 440 1421 495 τοῦ
1449 436 1579 496 θεοῦ
1605 436 1882 511 μαίνεται·
1925 441 1974 496 εἶ

374 525 438 585 δέ
453 550 552 601 μοι
570 524 879 596 α’πιστέετε,
896 524 1113 598 ἔπεσθε,
1133 523 1224 582 καὶ
1243 521 1375 600 ύμῖν
1395 522 1504 604 ἐγὼ
1519 522 1728 592 &effen-’⁹
1749 523 1974 586 εἵποντο

373 616 484 674 τῶν
508 613 762 678 Σκυθέων
797 615 852 672 οἱ
880 613 1274 688 προεστεῶτες·
1318 609 1410 668 καὶ
1443 608 1645 672 αὐτοῦς
1675 609 1975 692 ἀναγαγὼν

376 700 411 762 ὅ
436 700 869 779 Βορυσθενεΐτης
893 697 1078 776 λάθρη
1110 699 1203 757 ἐπὶ
1229 696 1445 778 πύργον
1477 701 1720 758 κατεῖσε·
1765 700 1893 758 ἐπεί
1910 724 1975 760 τε

376 788 437 848 δὲ
478 787 682 866 παρήῖε
722 786 829 848 σῦν
868 790 947 865 τῷ
986 784 1166 864 θιάσῳ
1209 784 1242 844 ὁ
1287 785 1508 861 Σκύλης
1549 785 1646 844 καὶ
1687 783 1837 846 εἶδόν
1876 813 1976 863 μιν

377 876 730 955 βακχεύοντα
770 876 824 933 οἶ
864 872 1090 942 Σκύθαι,
1139 872 1316 950 κάρτα
1361 871 1670 950 συμφορήν
1715 873 1974 954 μεγάλην

381 963 733 1039 ἐποιήσαντο,
756 960 1071 1031 ἐξελθόντες
1097 961 1158 1020 δὲ
1185 959 1490 1037 ἐσήμαινον
1515 959 1677 1038 πάσῃ
1703 965 1777 1039 τῇ
1803 987 1976 1038 στρα-

282 1052 359 1111 80
374 1055 466 1129 τιῇ
489 1050 561 1110 τοὶ
587 1050 772 1109 ἴδοιεν·
814 1048 885 1112 ὥς
916 1049 977 1107 δὲ
1007 1049 1152 1126 μετὰ
1185 1053 1362 1108 ταῦτα
1390 1047 1663 1124 ἐξήλαυνε
1693 1047 1726 1108 ὅ
1754 1049 1979 1126 Σκύλης

378 1143 434 1201 ἐς
470 1137 611 1213 ἤθεα
648 1136 721 1196 τὰ
762 1139 977 1210 ἐωυτοῦ,
1020 1139 1076 1196 οἶ
1118 1131 1329 1200 Σκύθαι
1375 1134 1839 1213 προστησάμενοι
1875 1137 1979 1197 τόν

376 1225 653 1302 ἀδελφεὸν
706 1223 875 1284 αὐτοῦ
930 1222 1368 1300 Ὀκταμασάδην
1423 1222 1700 1304 γεγονότα
1759 1229 1822 1283 ἐκ
1873 1229 1981 1299 τῆς

376 1313 565 1390 Τήρεω
590 1311 1362 1394 θυγατρός,,ἐπανιστέατο,τῷ
1388 1311 1598 1389 Σκύλῃ·
1627 1308 1659 1370 ὅ
1685 1311 1762 1384 δὲ,
1782 1313 1981 1387 μαθῶν

374 1400 443 1461 v&
467 1400 757 1483 γινόμενον
781 1398 865 1460 ἐπ’
884 1402 1059 1478 ἑωυτῷ
1086 1399 1178 1458 καὶ
1201 1398 1306 1474 τήν
1331 1400 1512 1474 αἰτίην
1533 1397 1600 1457 δι’
1615 1397 1686 1474 ἣν
1707 1400 1979 1471 ἐποιέετο,

378 1488 715 1569 καταφεύγει
750 1493 806 1552 ἐς
834 1487 939 1563 τήν
978 1487 1241 1563 Θρηΐκην·
1281 1483 1593 1562 πυθόμενος
1619 1485 1679 1545 δὲ
1702 1485 1739 1545 ὁ
1774 1485 1981 1547 Ὀκτα-

376 1577 635 1652 μασάδης
652 1580 842 1648 ταῦτα,
863 1573 1226 1651 ἐστρατεύετο
1247 1573 1337 1632 ἐπὶ
1354 1572 1460 1648 τήν
1480 1573 1744 1649 Θρηΐκην·
1773 1577 1899 1633 ἐπεί
1915 1601 1982 1635 τε

378 1663 439 1722 δὲ
466 1664 558 1722 ἐπὶ
581 1666 658 1741 τῷ
686 1661 892 1740 Ἴστρῳ
923 1661 1159 1741 ἐγένετο,
1186 1659 1458 1736 ἠντίασάν
1496 1685 1596 1737 μιν
1622 1663 1676 1719 οἱ
1716 1661 1977 1737 Θρήϊκες·

376 1748 700 1827 μελλόντων
716 1748 775 1808 δὲ
790 1747 968 1809 αὐτῶν
984 1747 1270 1827 συνάψειν,
1293 1748 1506 1827 ἔπεμψε
1527 1748 1809 1825 Σιτάλκης
1823 1751 1984 1828 παρὰ

377 1838 478 1898 τόν
502 1836 939 1912 Ὀκταμασάδην
965 1837 1147 1917 λέγων
1170 1836 1376 1901 τοιάδε·
1402 1838 1463 1896 τί
1485 1836 1571 1895 δεῖ
1591 1835 1768 1914 ἡμέας
1793 1836 1980 1915 α’λλή-

375 1929 491 1985 λων
514 1925 867 2002 πειρηθῆναι;
898 1923 975 1987 εἷς
992 1925 1097 2000 μέν
1114 1950 1220 2001 μευ
1239 1928 1338 1999 τῆς
1364 1923 1644 2001 ἀδελφεῆς
1667 1928 1816 1995 παῖς,
1833 1926 1978 2005 ἔχεις

378 2012 441 2073 δέ
463 2038 569 2091 μευ
595 2011 892 2089 ἀδελφεόν·
934 2011 1010 2071 σύ
1034 2011 1083 2072 τ’
1112 2012 1239 2088 ἐμοὶ
1269 2011 1478 2075 ἀπόδος
1500 2017 1717 2083 τοῦτον,
1745 2014 1839 2071 καὶ
1867 2015 1976 2095 ἐγῶ

375 2104 474 2163 σοὶ
491 2102 591 2162 τόν
610 2100 718 2162 <rav
744 2099 967 2178 Σκύλην
986 2099 1350 2177 παραδίδωμι·
1379 2104 1617 2179 στρατιῇ
1644 2100 1706 2159 δὲ
1727 2100 1874 2176 μήτε
1901 2102 1978 2161 σι)

379 2190 743 2269 κινδυνεύσῃς,
768 2188 897 2265 μήτ’
924 2187 1051 2269 ἐγώ·
1090 2186 1266 2247 ταῦτα’,
1294 2190 1347 2246 οἱ
1372 2189 1599 2266 πέμψας
1629 2187 1664 2249 o‘
1683 2187 1980 2266 ’Σιτάλκης

378 2276 820 2354 ἐπεκηρυκεύετο·
854 2268 1063 2356 ἦνγᾶρ
1096 2273 1249 2351 παροῖ
1273 2278 1351 2353 τῷ
1375 2272 1782 2355 Ὀκταμασάδῃ
1815 2276 1976 2337 ἀδελ-

378 2364 514 2440 φεός
541 2362 841 2432 Σιτάλκεω,
867 2362 1160 2443 πεφευγώς
1190 2365 1406 2422 τοῦτον·
1449 2361 1482 2421 ὅ
1514 2363 1574 2422 δὲ
1613 2362 1977 2440 Ὀκταμασά-

376 2452 475 2526 δης
510 2450 780 2509 καταινέει
811 2452 1004 2520 ταῦτα,
1033 2448 1275 2512 ἐκδιδοῦς
1301 2448 1360 2507 δὲ
1394 2448 1494 2509 τόν
1521 2454 1720 2510 ἑωυτοῦ
1745 2451 1981 2528 μήτρωα

376 2536 624 2616 Σιτάλκῃ
650 2538 827 2613 ἔλαβε
852 2537 952 2597 τόν
977 2536 1257 2613 οἷδελφεόν
1309 2536 1549 2613 Σκύλην·
1580 2538 1672 2596 καὶ
1697 2538 1984 2616 Σιτάλκης

374 2628 477 2704 μὲν
515 2624 867 2703 παραλαβών
897 2624 996 2685 τόν
1032 2623 1311 2700 α’,δελφεόν
1345 2624 1614 2706 ἀπήγετο·
1659 2624 1887 2689 Σκύλεω
1919 2628 1984 2687 δὲ

376 2712 810 2791 Ὀκταμασάδης
850 2711 1021 2772 αὐτοῦ
1057 2712 1234 2791 ταύτῃ
1273 2711 1524 2789 οἷπέταμε
1561 2712 1665 2789 τήν
1701 2714 1986 2789 κεφαλήν.

372 2801 516 2861 οὕτω
540 2803 644 2877 μὲν
668 2800 1110 2878 περιστέλλουσι
1133 2798 1205 2859 ταῖ
1233 2798 1486 2877 σφέτερα
1511 2798 1716 2876 νόμαια
1749 2800 1984 2874 Σκύθαι,

378 2891 532 2948 τοῖσι
570 2888 631 2946 δὲ
670 2888 1156 2965 παρακτωμένοισι
1195 2886 1461 2956 ξεινικούς
1503 2887 1707 2965 νόμους
1745 2893 1986 2949 τοιαῦτα

376 2975 623 3048 ἐπιτίμια
650 2974 886 3035 διδοῦσι.

282 3060 353 3114 81
454 3061 691 3133 Πλῆθος
742 3061 803 3119 δὲ
852 3061 921 3121 τό
974 3060 1230 3125 Σκυθέων
1277 3060 1378 3119 οὐκ
1425 3059 1544 3124 οἷός
1587 3085 1650 3121 τε
1707 3058 1988 3142 ἐγενόμην

376 3142 639 3219 ἀτρεκέως
665 3148 961 3216 πυθέσθαι,
979 3147 1134 3205 ἅλλαῖ
1164 3146 1465 3224 διαφόρους
1492 3148 1698 3229 λόγους
1723 3147 1856 3223 περὶ
1877 3172 1990 3206 του

374 3226 613 3301 ἀριθμοῦ
637 3230 858 3304 ἤκουον·
888 3235 979 3291 καὶ
1004 3234 1113 3313 γὰρ
1142 3234 1320 3309 κάρτα
1339 3235 1593 3299 πολλοῦς
1615 3236 1759 3296 εἶναι’
1775 3238 1991 3310 σφεας,
