2250 3500
204 167 260 218 vi
609 207 614 212 .
887 161 1216 240 rnorem.

205 298 609 355 obsolescerent
632 295 899 367 siquando
920 310 1023 365 pro
1044 293 1575 364 rerumpublicarum
1590 294 1906 364 mutationi,-

204 391 309 445 bus
332 390 656 446 commercia
679 389 958 444 hominum
983 385 1089 441 alio
1121 386 1584 453 transferrentur3
1617 388 1906 456 panegyris

207 486 367 553 enim,
409 485 493 540 uti
533 483 737 554 optime
776 485 965 537 monet
1007 481 1226 549 StrabO,
1266 493 1468 548 magna
1507 497 1581 534 ex
1617 483 1776 550 parte
1813 496 1904 544 res

205 579 530 634 mercatoria
553 581 687 634 era-t.
758 577 976 632 Lectori
1005 575 1178 644 igitur
1202 575 1369 630 semel
1393 575 1495 629 hac
1520 574 1591 628 de
1612 589 1675 628 re
1697 573 1905 638 monito

205 688 314 726 non
338 671 627 726 obscurum
657 671 780 738 erit,
805 657 1102 739 plurimum
1137 686 1205 724 ex
1241 666 1584 738 supellectile
1608 681 1772 735 quam
1797 666 1903 719 his-ae

205 767 376 822 terias
399 767 805 835 conscripturus
829 763 934 817 sibi
957 762 1235 830 congessit
1263 761 1483 828 Noster,
1507 758 1699 814 deberi
1729 775 1903 814 sacer-

205 859 399 913 dotum
435 857 718 922 sodalitiis,
755 855 956 925 quibus
990 853 1153 908 officii
1188 856 1310 908 erat
1343 852 1553 922 templa
1582 853 1639 906 in
1672 869 1904 922 quorum

204 950 403 1005 vicinia
447 952 748 1004 conventus
796 948 892 1002 isti
939 947 1192 1001 solennes
1238 945 1658 1001 celebrabantur
1711 962 1904 1015 procu,

204 1057 344 1096 rare.
405 1040 548 1095 Inde
571 1039 794 1110 planum
819 1040 884 1094 fit
907 1039 1268 1105 narrationes,
1288 1040 1561 1107 quotquot
1580 1053 1611 1092 e
1628 1037 1729 1092 tali
1750 1037 1904 1092 fonte

205 1134 579 1200 manaverunt,
617 1147 722 1186 nec
766 1129 1224 1197 locupletissimos
1262 1128 1469 1184 habere
1510 1132 1763 1184 auctores
1802 1146 1904 1184 nec

205 1229 393 1280 tamen
424 1224 642 1278 omnino
671 1223 1010 1293 spernendas
1040 1238 1181 1291 esse,
1212 1221 1417 1291 quippe
1446 1237 1587 1291 quae
1618 1220 1763 1290 volgi
1791 1222 1905 1290 opi-

113 1383 120 1392 .
204 1316 397 1371 niones
438 1317 628 1386 quales
667 1332 728 1370 se
774 1319 908 1370 tunc
953 1314 1221 1385 temporis
1269 1313 1578 1382 habuerint,
1616 1314 1734 1368 sine
1778 1314 1904 1368 fuco

205 1407 541 1463 rettulerint.
611 1408 697 1464 De
729 1425 840 1477 qua
868 1425 946 1475 re,
972 1408 1178 1478 quippe
1202 1423 1343 1477 quae
1372 1407 1431 1461 in
1461 1407 1799 1477 praefatione
1830 1407 1905 1460 ad

205 1500 472 1570 majorem
489 1501 788 1557 editionem
811 1501 1094 1556 enucleata
1118 1501 1204 1566 sit,
1218 1501 1449 1555 ulterius
1470 1517 1615 1556 nunc
1632 1501 1905 1556 disserere

207 1595 641 1664 supersedemus,
664 1595 910 1649 breviter
939 1595 1159 1648 tantum
1189 1591 1487 1648 indicaturi
1516 1578 1729 1662 aliquas
1757 1611 1789 1648 e
1817 1610 1905 1648 re-

205 1685 461 1756 gionibus
507 1703 608 1757 per
641 1703 794 1757 quas,
836 1703 962 1741 cum
1009 1685 1219 1741 Noster
1262 1683 1521 1741 historias
1568 1687 1903 1756 contexeret,

206 1782 548 1835 mercaturae
573 1780 793 1835 fiebant.

313 1873 381 1928 In
412 1873 517 1928 hac
540 1874 858 1943 quaestione
888 1872 1195 1945 principem
1225 1872 1405 1929 locum
1425 1876 1582 1930 tenet
1612 1874 1775 1929 Nilus
1804 1874 1906 1929 flu·-

206 1982 352 2035 men,
368 1966 426 2020 in
448 1966 606 2036 eujus
629 1967 783 2023 ostiis
807 1967 928 2036 jam
951 1967 1082 2022 inde
1107 1984 1143 2021 a
1168 1968 1542 2024 Psammitichi
1562 1968 1905 2039 temporibus

206 2056 474 2129 plurimae
491 2058 745 2113 civitates
763 2060 1004 2114 Graecae
1022 2059 1228 2113 insulas
1245 2064 1655 2128 occupaverant.
1703 2060 1906 2115 Postea

205 2149 448 2205 universi
493 2150 552 2205 in
588 2150 912 2206 Naucratim
949 2151 1141 2219 coacti,
1179 2152 1485 2220 emporium
1528 2152 1609 2205 ibi
1642 2152 1907 2207 constitu·

207 2243 386 2309 erunt,
416 2243 566 2298 unde
598 2243 706 2297 toti
738 2246 995 2311 Aegypto
1025 2242 1271 2296 inferiori
1306 2258 1518 2297 merces
1548 2245 1773 2297 exterae
1808 2243 1907 2296 im·

205 2334 588 2401 portabantur,
617 2350 828 2388 necnon
861 2349 1040 2403 usque
1075 2334 1152 2387 ad
1186 2333 1415 2401 Thebas,
1452 2349 1557 2400 ope
1593 2334 1906 2389 Etesiorum

206 2429 510 2493 ventorum,
534 2443 636 2495 per
657 2426 1026 2495 quadraginta
1056 2426 1179 2481 fere
1200 2425 1323 2481 dies
1352 2428 1643 2496 quotannis
1674 2428 1906 2485 adverso

206 2516 432 2571 flumine
449 2516 803 2573 vehebantur.
837 2518 988 2573 Hine
1005 2518 1078 2573 ad
1097 2518 1256 2587 Myos
1276 2519 1563 2585 Hermum,
1576 2522 1671 2589 qui
1688 2520 1747 2577 in
1764 2523 1907 2578 Ara-

205 2610 330 2665 bico
354 2610 477 2665 sinu
507 2611 646 2666 situs
679 2615 779 2679 est,
801 2628 905 2682 per
929 2612 1154 2666 deserta
1186 2611 1428 2666 locorum
1453 2614 1677 2668 camelis
1706 2613 1907 2673 ibatur.

208 2703 484 2773 Quicquid
493 2708 798 2760 aromatum
813 2722 883 2760 ex
899 2704 1078 2774 India,
1087 2704 1177 2760 vel
1194 2705 1551 2775 Atramitide,
1562 2707 1649 2762 vel
1664 2707 1905 2777 denique

207 2793 544 2865 Taprobane,
567 2796 626 2850 in
657 2796 945 2852 Graeciam
979 2796 1313 2865 pervenerit,
1335 2796 1439 2851 hae
1468 2797 1559 2852 via
1592 2798 1907 2867 pervenisse

206 2887 470 2943 credibile
477 2890 579 2943 est.
603 2888 686 2943 At
694 2888 782 2944 vel
788 2886 1169 2943 remotissimis
1182 2886 1522 2956 temporibus
1535 2888 1683 2943 inter
1692 2888 1908 2945 Thebas

207 2982 574 3052 Aegyptiacus
591 2985 652 3037 et
672 2997 826 3037 mare
841 2981 1308 3037 mediterraneum
1326 2982 1652 3037 commercia
1668 2982 1909 3053 viguisse

206 3074 478 3144 videntur,
497 3091 623 3131 cum
657 3074 883 3132 divitiae
911 3072 1078 3143 huius
1106 3073 1265 3129 urbis
1291 3074 1379 3130 vel
1406 3072 1477 3129 ab
1502 3060 1748 3131 Homero
1770 3077 1909 3131 eele-

205 3165 450 3223 brentur.
519 3168 634 3225 Sed
677 3172 811 3225 tune
853 3167 1118 3239 temporis
1166 3169 1508 3223 mercaturae
1552 3186 1654 3238 per
1698 3172 1907 3225 terram

205 3257 428 3315 fiebant.
498 3259 675 3317 Statio
706 3259 967 3332 primaria
997 3261 1120 3315 erat
1148 3256 1309 3313 Oasis
1340 3257 1545 3328 Magna
1568 3258 1669 3330 (El
1703 3256 1909 3326 Wah);
