2250 3500
323 49 419 96 322
928 41 1294 102 ἭΡοΔοΤρί·
1779 40 1921 104 [1v.

318 131 542 187 ποιεῦσι
564 125 716 185 τάδε·
750 121 1053 199 σῖποταμῶν
1081 122 1318 186 ἕκαστος
1343 120 1617 197 κεφαλὴν,
1645 120 1922 199 ἀποφέρε-

318 240 411 274 ται
438 218 492 277 ἐς
514 212 780 273 ταῖοἰκία·
815 213 1004 271 ἔπειτα
1030 211 1122 270 ε’πὶ
1149 210 1321 281 ξύλου
1347 209 1602 290 μεγάλου
1626 208 1924 288 σῖναπείρας

320 305 453 380 ἱστᾷ
482 301 621 378 ὖπὲρ
648 304 749 374 τῆς
785 301 959 375 οἰκίης
984 299 1372 377 ύπερέχουσαν
1397 296 1638 367 πολλόν,
1664 297 1924 374 μάλιστα

317 390 376 447 δὲ
402 389 539 465 ὑπὲρ
567 391 668 464 τῆς
696 388 1056 463 καπνοδόκης·
1099 388 1249 463 φασὶ
1277 386 1337 445 δὲ
1370 384 1598 448 τούτους
1634 386 1924 462 φυλάκους

316 481 416 554 τῆς
470 478 643 552 οἰκίης
694 476 884 552 πάσης
936 475 1427 552 ύπεραιωρέεσθαι.
1511 473 1651 544 ζῶσι
1699 474 1758 534 δὲ
1803 475 1921 536 ‹in-6

224 567 337 624 104
358 565 523 641 ληίης
560 590 622 624 τε
664 565 756 622 καὶ
788 564 1057 640 πολέμου.
1127 561 1476 643 Ἀγάθυρσοι
1512 562 1570 621 δὲ
1611 561 1922 639 ἁβρότατοι

316 652 508 730 ἄνδρες
545 653 672 723 εἰσὶ,
702 652 795 711 καὶ
832 649 1195 734 χρυσοφόροι.
1218 650 1291 711 τοὶ
1327 651 1600 727 μάλιστα·
1643 652 1922 712 ἐπίκοινον

317 740 377 799 δὲ
401 746 511 801 τῶν
536 745 808 823 γυναικῶν
833 739 937 817 τὴν
960 740 1113 817 μίξιν
1139 743 1438 808 ποιεῦνται,
1470 739 1558 798 ἵνα
1591 740 1926 820 κασίγνητοί

316 855 377 888 τε
419 829 688 904 ἀλλήλων
732 830 879 899 ἔωσι,
922 828 1014 887 καὶ
1055 826 1258 902 οἶκήϊοι
1298 826 1477 889 ἐόντες
1517 825 1734 897 πάντες,
1775 827 1920 904 μήτε

317 917 507 995 φθόνῳ
531 915 660 993 μήτ’
690 917 841 994 ἔχθεϊ
866 917 1137 995 χρέωνται
1164 919 1218 978 ἐς
1243 913 1549 990 ἀλλήλους·
1589 914 1663 974 τοὶ
1689 913 1736 973 δ’
1762 913 1920 975 ἅλλα

228 1007 337 1064 105
358 1004 561 1080 νόμαια
581 1004 779 1080 Θρήῖξι
798 1002 1327 1082 προσκεχωρήκασι.
1382 1003 1590 1079 Νευροὶ
1611 1003 1670 1062 δὲ
1691 1003 1919 1080 νόμοισι

316 1094 420 1169 μὲν
458 1093 726 1170 χρέωνται
767 1092 1113 1155 Σκυθικοῖσι.
1196 1094 1361 1172 γενεῇ
1401 1091 1462 1149 δὲ
1499 1094 1602 1169 μιῇ
1643 1091 1919 1170 πρότερόν

316 1186 499 1256 σφεας
522 1185 623 1256 τῆς
650 1181 892 1256 Δαρείου
912 1179 1338 1255 στρατηλασίης
1357 1179 1642 1254 κατέλαβε
1669 1183 1918 1240 ἐκλιπεῖν

316 1267 417 1346 τήν
440 1268 627 1348 χώρην
644 1271 837 1327 πᾶσαν
848 1266 967 1327 im}
988 1267 1184 1343 ὀφίων·
1214 1264 1381 1343 ὄφιας
1400 1264 1508 1347 γάρ
1532 1272 1645 1342 σφι
1663 1267 1918 1333 πολλοῦς

314 1360 419 1434 μὲν
459 1357 495 1434 ἦ
534 1357 691 1438 χώρη
724 1355 1005 1432 ἀνέφαινε,
1032 1359 1085 1414 οἱ
1117 1355 1178 1414 δὲ
1210 1359 1444 1418 πλεῦνες
1475 1352 1682 1414 ἄνωθέν
1709 1361 1822 1431 σφι
1853 1361 1916 1416 ἐκ

314 1448 423 1505 τῶν
450 1445 664 1523 ἐρήμων
690 1443 982 1515 ἐπέπεσον,
1005 1448 1059 1506 ἐς
1084 1442 1134 1512 ὃ,
1155 1441 1488 1518 πιεζόμενοι,
1509 1442 1745 1518 οἴκησαν
1770 1444 1916 1520 μετὰ

316 1534 607 1601 Βουδίνων,
638 1531 742 1608 τὴν
774 1535 984 1592 ἑωυτῶν
1019 1529 1359 1592 ἐκλιπόντες.
1443 1530 1818 1590 κινδυνεύουσι
1853 1532 1914 1591 δὲ

315 1623 367 1680 οἰ
408 1619 687 1695 ἅνθρωποι
727 1616 881 1678 οὗτοι
918 1618 1115 1697 γόητες
1157 1617 1315 1677 εἶναι·
1356 1617 1620 1698 λέγονται
1659 1618 1765 1698 γοῖρ
1800 1619 1912 1680 ὖπό

315 1707 569 1773 Σκυθέων
606 1706 698 1765 καὶ
736 1704 1027 1781 Ἑλλήνων
1051 1709 1163 1766 τῶν
1191 1711 1248 1766 ἐν
1272 1709 1345 1785 τῇ
1377 1705 1625 1785 Σκυθικῇ
1659 1732 1911 1784 κατοικη-

310 1795 501 1871 μένων,
530 1794 600 1857 ὦς
626 1795 773 1857 ἔτεος
804 1794 1043 1853 ἑκάστου
1074 1793 1228 1865 ἅπαξ
1255 1799 1366 1855 τῶν
1407 1799 1636 1871 Νευρῶν
1677 1795 1914 1859 ἕκαστος

311 1885 479 1946 λύκος
523 1884 735 1964 γίνεται
784 1882 994 1959 ἡμέρας
1033 1882 1248 1964 ὀλίγας,
1291 1884 1384 1941 καὶ
1425 1908 1578 1946 αυτις
1619 1882 1801 1943 ὀπίσω
1854 1890 1910 1947 ἐς

308 1997 483 2031 ταυτα
524 1972 870 2032 κατίσταται·
913 1973 1011 2048 ἐμὲ
1050 1972 1155 2047 μέν
1195 1997 1290 2031 νυν
1329 1975 1504 2031 ταῦτα
1544 1972 1804 2052 λέγοντες
1843 2000 1909 2033 ου

310 2060 589 2121 πείθουσι·
630 2059 867 2141 λέγουσι
901 2060 960 2119 δὲ
997 2056 1218 2118 ουδὲν
1182 2085 1389 2134 ησσον,
1419 2058 1512 2117 καὶ
1550 2058 1819 2135 ὀμνύουσι
1849 2061 1910 2120 δὲ

218 2148 329 2206 106
350 2148 627 2228 λέγοντες.
707 2146 1087 2227 Ἀνδροφάγοι
1129 2146 1187 2205 δὲ
1228 2145 1546 2226 οἷγριωτατα
1569 2146 1790 2207 πάντων
1816 2147 1909 2208 οἷν-

240 2271 253 2285 ·
309 2235 540 2312 θρώπων
586 2236 781 2314 ἔχουσι
826 2233 985 2310 ἤθεα·
1043 2232 1170 2295 οὔτε
1218 2235 1373 2309 δίκην
1421 2236 1735 2311 νομίζοντες
1781 2235 1909 2297 οὔτε

306 2323 456 2401 νόμῳ
488 2322 668 2382 οὐδενὶ
703 2322 1026 2401 χρεώμενοι·
1068 2322 1302 2398 νομάδες
1335 2322 1399 2381 δέ
1425 2327 1556 2381 εἰσι·
1600 2325 1816 2399 ἐσθῆτα
1847 2326 1910 2385 δὲ

310 2412 585 2486 φορέουσι
636 2414 708 2488 τῇ
755 2411 1001 2489 Σκυθικῇ
1044 2410 1276 2486 ὁμοίην,
1308 2414 1586 2490 γλῶσσαν
1631 2410 1690 2469 δὲ
1745 2412 1908 2487 ἰδίην·

211 2498 321 2557 107
344 2496 887 2578 ἅνθρωποφαγέουσι
907 2498 965 2557 δὲ
984 2502 1182 2574 μοῦνοι
1200 2497 1420 2559 τούτων.
1473 2496 1910 2578 Μελάγχλαινοι

305 2586 363 2644 δὲ
401 2585 600 2663 εἵματα
635 2587 739 2663 μὲν
774 2586 993 2660 μέλανα
1027 2588 1303 2663 φορέουσι
1339 2585 1558 2656 πάντες,
1587 2585 1672 2644 ἐπ’
1711 2584 1786 2648 ὧν
1812 2589 1910 2648 καὶ

300 2672 399 2737 τοὶς
426 2675 733 2751 ἐπωνυμίας
760 2676 972 2753 ἔχουσι·
1014 2672 1239 2751 νόμοισι
1263 2674 1323 2733 δὲ
1351 2674 1680 2738 Σκυθικοῖσι
1703 2677 1910 2754 χρέων-

208 2764 322 2819 108
340 2787 451 2820 ται.
535 2762 791 2821 Βουδῖνοι
846 2762 920 2832 δὲ,
969 2763 1124 2825 ἔθνος
1177 2761 1268 2821 ἐὸν
1320 2762 1468 2842 μέγα
1521 2764 1613 2821 καὶ
1663 2763 1907 2835 πολλόν,

300 2848 548 2927 γλαυκόν
574 2874 636 2908 τε
663 2854 775 2909 πᾶν
803 2854 1043 2929 ἰσχυρῶς
1070 2850 1194 2908 ἐστὶ
1223 2850 1313 2909 καὶ
1340 2849 1569 2927 πυρρόν.
1651 2848 1821 2914 πόλις
1847 2852 1908 2911 δὲ

301 2939 358 2992 ἐν
399 2934 619 2995 αὐτοῖσι
659 2937 1003 2997 πεπόλισται
1044 2938 1256 3014 ξυλίνη,
1300 2936 1510 3013 οὕνομα
1550 2938 1610 2998 δὲ
1649 2942 1722 3016 τῇ
1765 2939 1908 2999 πόλι

302 3022 424 3078 ἐστὶ
466 3024 733 3087 Γελωνός·
774 3029 876 3083 τοῦ
912 3026 970 3083 δὲ
996 3027 1209 3104 τείχεος
1235 3027 1496 3107 μέγαθος,
1527 3027 1766 3085 κῶλον“’
1738 3052 1906 3086 εκασ-

269 3129 396 3164 τον
439 3109 736 3184 τριήκοντα
782 3113 1024 3171 σταδίων
1064 3114 1210 3172 ἐστι·
1265 3114 1490 3192 υψηλον
1535 3114 1611 3185 δὲ,
1653 3115 1748 3173 καὶ
1789 3118 1907 3177 πᾶν

306 3188 539 3251 τύλινον·
580 3197 673 3257 καὶ
699 3199 867 3257 οἰκίαι
900 3199 1079 3259 αὐτῶν
1118 3199 1354 3272 ξύλιναι,
1383 3202 1476 3261 καὶ
1513 3227 1586 3263 τα
1624 3202 1736 3284 ἱρά·
1779 3203 1904 3263 ἔστι
