2250 3500
257 93 287 140 s
852 98 1219 170 ‘HmAO'so‘r
1776 100 1848 165 [1.

251 197 354 234 σεν
382 177 505 235 ἔτεα
529 176 790 236 δυώδεκα·
824 176 1185 255 Σαρδυάττεω
1212 177 1273 238 δὲ
1294 177 1625 256 Ἀλυάττης.
1690 175 1853 244 οὗτος

250 262 312 323 δὲ
344 262 614 342 Κυαξάρῃ
642 290 704 324 τε
730 267 808 342 τῷ
844 263 1093 341 Δηιόκεω
1124 263 1383 347 οἷπογόνῳ
1414 267 1734 344 ἐπολέμησε
1761 264 1853 324 καὶ

251 350 524 427 Μήδοισι·
580 352 926 430 Κιμμερίους
974 378 1038 412 τε
1091 357 1153 412 ἐκ
1197 357 1298 430 τῆς
1341 353 1538 430 Ἀσίης
1586 353 1848 430 ἐξήλασε·

253 437 512 516 Σμύρνην
536 463 599 499 τε
623 437 729 515 τήν
755 439 867 500 οἷπο
897 442 1246 516 Κολοφῶνος
1272 442 1600 502 κτισθεῖσαν
1628 441 1761 500 εἷλε·
1795 445 1850 504 ἐς

251 525 618 602 Κλαζομενάς
643 552 706 586 τε
733 527 1000 604 ἐσέβαλε·
1035 527 1151 588 α’πο
1178 529 1285 606 μέν
1308 554 1403 589 νυν
1420 527 1627 589 τούτων
1654 527 1753 588 οὔκ
1777 553 1849 592 ως

246 609 416 687 ἤθελε
441 612 752 690 ἀπήλλαξε,
779 613 937 674 άλλσῖ
962 615 1361 693 προσπταίσας
1385 614 1660 697 μεγάλως·
1692 605 1848 674 αλλα

246 697 308 758 δὲ
340 700 476 782 ἔργα
509 698 880 772 α’πεδέξατο’
852 728 955 762 εων
980 707 1039 762 ἐν
1066 706 1143 782 τῇ
1178 703 1327 784 α’ρχῇ
1358 701 1847 786 ἀξιαπηγητότατα

151 785 228 848 17
244 785 395 848 τάδε·
445 787 810 866 Ἐπολέμησε
858 791 1222 864 Μιλησίοισι,
1263 791 1709 868 παραδεξάμενος
1745 788 1846 852 τᾶν

244 874 498 953 πόλεμον
528 875 683 952 παρὰ
715 878 816 936 τοῦ
854 875 1082 952 πατρός.
1165 877 1480 938 ἐπελαύνων
1511 876 1625 958 γάρ
1658 881 1845 938 ἐπὀλι·

238 961 398 1039 όρκεε
423 962 527 1037 τήν
556 962 821 1038 Μίλητον
846 962 1034 1041 τρόπῳ
1058 963 1271 1041 τοιῷδε·
1300 964 1438 1027 ὅκως
1461 966 1566 1040 μὲν
1591 963 1675 1040 εἴη
1696 969 1755 1024 ἐν
1770 968 1844 1042 τῇ

239 1052 318 1160 γῇ
339 1047 551 1126 καρπὸς
576 1047 759 1126 οἶδρός,
787 1053 1086 1125 τηνικαῦτα
1114 1050 1403 1126 ἐσέβαλλε
1426 1049 1530 1127 τὴν
1556 1050 1842 1127 στρατιήν·

243 1134 606 1213 ἐστρατεύετο
642 1135 770 1196 δε
735 1135 849 1196 υπὸ
883 1137 1166 1218 συρίγγων
1201 1162 1263 1196 τε
1299 1137 1391 1196 καὶ
1424 1137 1719 1213 πηκτίδων,
1750 1138 1845 1198 καὶ

241 1222 419 1284 αὗλοΰ
443 1223 763 1305 γυναικηιου
787 1248 851 1283 τε
882 1224 976 1282 καὶ
1007 1223 1285 1301 α’νδρηιου·
1326 1250 1400 1289 ως
1402 1221 1545 1284 δὲ’
1517 1250 1573 1288 ες
1602 1223 1707 1302 τήν
1732 1230 1841 1286 Μι-

239 1312 450 1388 λησίην
489 1311 763 1385 α’πίκοιτο,
805 1311 1082 1390 οἰκήματα
1119 1314 1226 1389 μὲν
1263 1310 1337 1373 τοὶ
1378 1312 1471 1374 ἐπὶ
1507 1315 1619 1373 τῶν
1658 1310 1843 1394 α’γρῶν

239 1397 368 1460 οὔτε
393 1400 716 1475 κατέβαλλε
748 1397 874 1460 οὔτε
903 1400 1213 1478 ἐνεπίμπρη
1241 1398 1369 1461 οὕτε
1397 1398 1627 1479 θύρας’
1589 1401 1838 1471 απέσπα,

147 1483 162 1492 ”
239 1487 304 1546 ἔα
329 1485 390 1545 δὲ
417 1487 559 1548 κατὰ
584 1487 772 1566 χώρην
800 1485 1118 1566 ἑστάμεναι·
1162 1486 1195 1549 ὁ
1222 1488 1283 1548 δὲ
1306 1487 1379 1548 τά
1403 1513 1468 1548 τε
1499 1487 1722 1565 δένδρεα
1747 1489 1840 1548 καὶ

236 1573 338 1634 τόν
365 1573 578 1651 καρπὸν
598 1573 696 1635 τὸν
723 1579 782 1635 ἐν
807 1577 881 1653 τῇ
905 1578 982 1654 γῇ
1002 1571 1148 1638 ὅκως
1166 1575 1518 1653 διαφθείρειε,
1539 1573 1839 1637 ἀπαλλάσ-

235 1687 372 1722 σετο
400 1661 602 1722 ὀπίσω·
633 1665 735 1737 τῆς
759 1660 870 1744 γάρ
899 1660 1201 1738 θαλάσσης
1231 1665 1286 1723 οῖ
1312 1659 1593 1738 Μιλήσιοι
1614 1662 1838 1741 ἐπεκρά-

234 1775 380 1820 τεον,
410 1748 556 1810 ὥστε
592 1750 822 1827 ἐπέδρης
856 1746 938 1826 μή
972 1748 1111 1809 εἶναι
1144 1751 1305 1831 ἔργον
1334 1752 1406 1829 τῇ
1439 1755 1697 1831 στρατιῇ·
1736 1750 1839 1817 τοῖς

234 1837 295 1896 δὲ
332 1835 507 1900 οἰκίας
545 1834 610 1895 οὗ
643 1836 967 1912 κατέβαλλε
1001 1833 1034 1896 ὅ
1060 1835 1244 1901 Λυδός
1271 1836 1440 1898 τῶνδε
1475 1838 1672 1909 εἵνεκα,
1700 1836 1838 1902 ὅκως

236 1924 415 2002 ἔχοιεν
447 1923 696 1984 ἐνθεῦτεν
729 1921 1068 2004 ὅρμεῶμενοι
1103 1923 1209 2000 τὴν
1232 1928 1342 2005 γῆν
1373 1926 1624 2003 σπείρειν
1648 1951 1711 1986 τε
1743 1926 1836 1985 καὶ

234 2010 569 2093 ἐργάζεσθαι
585 2014 640 2071 οἶ
657 2008 956 2085 Μιλήσιοι,
970 2008 1139 2094 αὖτὸς
1155 2010 1214 2070 δὲ
1230 2011 1445 2073 ἐκείνων
1460 2013 1837 2094 ἐργαζομένων

142 2100 216 2158 18
236 2099 354 2177 ἔχοι
378 2124 436 2159 τι
461 2098 554 2158 καὶ
581 2097 842 2160 σίνεσθαι
868 2096 1197 2175 ἐσβάλλων.
1262 2102 1451 2160 Ταῦτα
1475 2100 1678 2161 ποιέων
1704 2106 1834 2162 ἐπο-

233 2186 402 2264 λέμεε
422 2186 546 2247 ἔτεα
567 2186 776 2248 ἕνδεκα·
809 2190 869 2246 ἐν
887 2188 1042 2247 τοῖσι
1064 2186 1330 2265 τρώματα
1348 2187 1574 2269 μεγάλα
1594 2184 1835 2265 διφάσια

231 2273 536 2351 Μιλησίων
564 2274 798 2353 ἐγένετο,
821 2273 878 2333 ἔν
899 2297 965 2337 τε
990 2274 1268 2353 Λιμενηίῳ
1293 2274 1478 2355 χώρης
1501 2276 1603 2350 τῆς
1628 2275 1833 2350 σφετέ-

230 2386 334 2440 ρης
356 2360 779 2439 μαχεσαμένων,
808 2360 900 2417 καὶ
927 2364 986 2419 ἐν
1011 2360 1337 2436 Μαιάνδρου
1361 2362 1550 2439 πεδίῳ.
1610 2360 1707 2441 (τοὶ
1728 2361 1835 2438 μέν

231 2474 329 2509 νυν
369 2447 432 2516 ἐξ
470 2447 594 2506 ἔτεα
631 2448 741 2506 τῶν
783 2444 974 2505 ἕνδεκα
1014 2444 1367 2521 Σαρδυάττης
1406 2444 1440 2506 ὄ
1475 2445 1715 2524 Ἄρδυος
1754 2450 1834 2509 ἔτι

231 2534 427 2594 Λυδῶν
451 2531 607 2613 ἦρχε,
636 2531 671 2592 ὅ
696 2531 788 2592 καὶ
816 2531 1084 2607 ἐσβαλών
1107 2536 1406 2609 τηνικαῦτα
1434 2538 1489 2598 ἐς
1512 2533 1617 2611 τήν
1644 2539 1831 2612 Μιλη-

231 2622 364 2697 σίην
387 2618 490 2697 τήν
517 2618 806 2701 στρατιήν·
844 2617 1201 2697 Σαρδυάττης
1225 2617 1338 2702 γὰρ
1366 2618 1525 2685 οὗτος
1557 2622 1648 2681 καὶ
1674 2622 1708 2683 ὅ
1732 2622 1832 2684 τόν

232 2709 483 2787 πόλεμον
508 2706 578 2784 ἦν
605 2706 877 2786 συνάψας·
909 2706 982 2768 τοὶ
1009 2708 1068 2767 δὲ
1093 2708 1259 2769 πέντε
1284 2711 1395 2769 τῶν
1422 2709 1584 2770 ἐτέων
1607 2709 1678 2770 τοὶ
1706 2711 1831 2772 ἐπό-

230 2822 371 2874 μενα
395 2798 549 2857 τοῖσι
585 2795 647 2866 ἓξ
667 2793 978 2871 Ἀλυάττης
1003 2793 1036 2855 ὅ
1064 2794 1424 2873 Σαρδυάττεω
1455 2798 1739 2876 ἐπολέμεε,
1768 2798 1832 2864 ὃς

231 2881 694 2962 παραδεξάμενος,
716 2880 788 2946 ὥς
814 2880 906 2941 καὶ
924 2881 1196 2960 πρότερόν
1213 2909 1313 2960 μοι
1339 2883 1657 2961 δεδήλωται,
1677 2886 1833 2965 παραὶ

229 2976 331 3031 τοῦ
376 2970 590 3049 πατρὸς
640 2967 741 3031 τᾶν
793 2968 1045 3047 πόλεμον
1098 2975 1371 3051 προσεῖχε
1424 2973 1829 3056 ἐντεταμένως.)

229 3062 384 3118 τοῖσι
429 3059 490 3117 δὲ
534 3056 880 3135 Μιλησίοισι
920 3056 1154 3137 οὐδαμοὶ
1198 3056 1395 3120 Ἰώνων
1439 3060 1539 3122 τᾶν
1576 3061 1831 3140 πόλεμον

230 3148 432 3207 τοῦτον
455 3144 965 3223 συνεπελάφρυνον,
994 3145 1080 3206 ὅτι
1109 3145 1193 3224 μὴ
1220 3152 1353 3207 Χῖοι
1375 3150 1593 3226 μοῦνοι.
1676 3148 1831 3212 οὗτοι

230 3231 292 3293 δὲ
324 3231 392 3293 τό
428 3230 624 3310 ὄμοῖον
655 3231 1108 3299 ἀνταποδιδόντες
1136 3234 1447 3315 ἐτιμώρεον·
1489 3237 1583 3297 καὶ
1610 3236 1722 3320 γὰρ
1760 3236 1831 3311 ὃν)
