2250 3500
313 56 534 119 80—83]
894 57 1345 110 ΜΕΔΠΟΜΒΝΗ.
1821 63 1914 108 313

315 133 409 191 καὶ
437 133 680 213 ὀλίγους,
710 135 779 197 ὦς
806 134 1022 200 Σκύθας
1058 137 1215 196 εἶναι.
1294 138 1529 199 τοσόνδε
1559 139 1751 215 μέντοι
1785 138 1917 198 ἀπέ-

316 218 521 294 φαινόν
566 247 667 296 μοι
710 226 765 284 ἐς
810 220 958 298 ὄψιν·
1009 223 1132 283 ἔστι
1173 224 1382 300 μεταξῦ
1430 224 1810 302 Βορυσθένεός
1853 251 1916 286 τε

315 310 575 384 ποταμοῦ
630 307 722 366 καὶ
772 307 1033 373 Ὑπάνιος
1084 314 1283 388 χῶρος,
1327 310 1538 388 οὕνομα
1583 312 1645 372 δέ
1691 312 1750 370 οἵ
1790 317 1915 371 ἐστι

313 393 679 471 Ἐξαμπαῖος·
720 399 821 456 τοῦ
848 398 941 456 καὶ
964 397 1139 478 ὀλίγῳ
1163 423 1218 456 τι
1243 397 1513 475 πρότερον
1543 399 1750 460 τούτων
1777 398 1914 475 μνή-

312 508 429 560 μην
472 482 640 562 εἶχον,
670 483 919 560 φάμενος
960 489 1018 544 ἐν
1057 484 1204 564 αὐτῷ
1243 485 1449 562 κρήνην
1486 483 1682 550 ὕδατος
1712 491 1911 563 πικροῦ

319 570 479 640 εἶναι,
516 569 611 630 ἄπ’
646 569 713 646 ἦς
737 570 803 630 τὸ
831 571 974 648 ὕδωρ
1010 571 1289 650 άπορρέον
1312 571 1414 633 τὸν
1443 571 1682 632 ’Ὕπανιν
1705 572 1916 633 ἄποτον

317 657 544 717 ποιέειν.
600 662 658 718 ἐν
682 657 858 738 τούτῳ
882 663 959 738 τῷ
983 659 1145 739 χώρῳ
1172 661 1352 720 κέεται
1377 659 1668 738 χαλκήϊον,
1683 659 1916 740 μεγάθεϊ

318 745 411 804 καὶ
433 745 777 822 ἑξαπλήσιον
790 750 890 807 τοῦ
912 747 1001 806 ἐπὶ
1018 748 1263 824 στόματι
1274 751 1372 808 τοῦ
1391 747 1614 807 Πόντου
1629 751 1914 824 κρητῆρος,

315 832 417 892 τόν
458 834 785 911 Παυσανίης
826 833 859 894 ὅ
900 833 1316 912 Κλεομβρότου
1355 834 1605 910 οἷνέθηκε·
1647 834 1707 897 ὃς
1741 835 1800 894 δὲ
1832 835 1914 912 μή

320 918 433 979 εἶδέ
449 946 525 979 κω
542 924 756 995 τοῦτον,
776 919 879 981 ὦδε
899 921 1156 997 δηλώσω·
1183 922 1504 992 ἑξακοσίους
1529 921 1817 1000 ἀμφορέας
1834 923 1915 982 εὗ·-

316 1007 522 1070 πετέως
546 1009 741 1086 χωρέει
766 1001 833 1069 τό
862 1013 919 1069 ἐν
947 1010 1200 1090 Σκύθῃσι
1223 1010 1516 1090 χαλκήϊον.
1557 1011 1740 1088 πάχος
1765 1011 1824 1070 δὲ
1842 1010 1909 1070 vd

319 1095 592 1158 Σκυθικόν
617 1101 783 1156 τοῦτο
802 1096 1078 1175 χαλκήϊόν
1100 1102 1222 1157 ἐστι
1243 1097 1526 1158 δακτύλων
1549 1099 1626 1167 ἔξ·
1653 1103 1820 1158 τοῦτο
1841 1096 1916 1158 ὧν

318 1181 515 1262 ἔλεγον
533 1186 585 1242 οἶ
606 1183 891 1262 ἐπιχώριοι
907 1183 1018 1243 άπὸ
1039 1184 1240 1262 ἀρδίων
1256 1185 1537 1264 γενέσθαι·
1564 1184 1916 1262 βουλόμενον

314 1268 430 1349 γοῖρ
445 1270 543 1330 τόν
558 1272 838 1348 σφέτερον
852 1273 1123 1348 βασιλέα,
1133 1275 1210 1350 τῷ
1226 1271 1433 1347 οὔνομα
1450 1272 1588 1331 εἶναι
1601 1271 1913 1349 Ἀριαντοὶν,

317 1361 517 1416 τοῦτον
543 1359 740 1419 εἰδέναι
765 1359 829 1419 τό
858 1359 1076 1433 πλῆθος
1099 1363 1211 1418 τῶν
1248 1359 1515 1428 Σκυθέων,
1544 1358 1785 1417 κελεύειν
1818 1385 1915 1436 μιν

317 1444 529 1508 πάντας
555 1447 775 1511 Σκύθας
800 1445 957 1523 ἄρδιν
994 1447 1232 1506 ἕκαστον
1267 1445 1401 1522 μίαν
1435 1444 1547 1505 οἷπό
1583 1449 1684 1505 τοῦ
1719 1444 1915 1505 ὀϊστοῦ

318 1532 569 1608 κομίσαι·
599 1533 658 1596 ὃς
685 1533 731 1592 δ’
758 1532 826 1594 ἂν
850 1532 931 1609 μὴ
960 1533 1188 1611 κομίσῃ,
1217 1533 1456 1593 θάνατον
1482 1531 1724 1592 οἷπείλεε·
1759 1559 1914 1609 κομι-

318 1620 533 1694 σθῆναί
551 1647 612 1680 τε
639 1621 707 1696 δὴ
734 1625 928 1700 χρῆμα
951 1620 1179 1681 πολλόν
1203 1620 1418 1699 ἀρδίων,
1449 1621 1546 1680 καί
1577 1623 1631 1680 οἱ
1667 1620 1823 1690 δόξαι
1855 1621 1919 1691 ἐξ

318 1705 524 1767 αὐτέων
549 1707 911 1786 μνημόσυνον
936 1707 1238 1785 ποιήσαντι
1264 1709 1552 1770 λιπέσθαι·
1595 1713 1654 1771 ἐκ
1679 1709 1914 1771 τουτέων

319 1794 391 1870 δή
413 1820 511 1871 μιν
536 1796 602 1857 τὸ
632 1796 908 1877 χαλκήϊον
937 1801 1176 1873 ποιῆσαι
1206 1802 1388 1871 τοῦτο,
1419 1798 1510 1856 καὶ
1548 1796 1831 1858 άναθεῖναι
1856 1802 1910 1861 ἐς

316 1883 417 1943 τόν
440 1882 786 1961 Ἐξαμπαῖον
809 1888 1025 1944 τοῦτον.
1092 1888 1269 1944 ταῦτα
1295 1884 1363 1960 δή
1389 1885 1517 1960 περὶ
1541 1889 1641 1945 τοῦ
1667 1884 1914 1961 πλήθεος

316 1974 417 2029 τοῦ
460 1972 715 2035 Σκυθέων
753 1970 975 2046 ἤκουον.
1056 1970 1364 2047 Θωυμάσια
1403 1970 1464 2028 δὲ
1502 1970 1541 2045 ἦ
1580 1970 1736 2049 χῶρη
1776 1971 1913 2049 αὕτη
1931 1976 2006 2033 82

319 2056 421 2117 οὐκ
452 2059 579 2138 ἔχει,
609 2059 777 2138 χωρὶς
800 2057 837 2135 ἢ
865 2059 952 2119 ὅτι
976 2057 1261 2135 ποταμούς
1283 2082 1346 2117 τε
1373 2060 1572 2135 πολλῷ
1593 2060 1908 2138 μεγίστους,

316 2146 412 2203 καὶ
438 2145 676 2223 οἷριθμὸν
700 2147 1021 2209 πλείστους·
1062 2144 1096 2205 ὃ
1124 2146 1182 2204 δὲ
1210 2143 1616 2221 α’,ποθωυμάσαι
1642 2142 1797 2213 ἄξιον
1823 2147 1914 2205 καὶ

314 2230 496 2309 πάρεξ
533 2237 643 2294 τῶν
684 2237 950 2310 ποταμῶν
992 2234 1084 2291 καὶ
1124 2237 1226 2293 τοῦ
1269 2230 1543 2311 μεγάθεος
1581 2234 1684 2291 τοῦ
1722 2232 1913 2293 πεδίου

314 2320 661 2398 παρέχεταιγ
682 2320 979 2398 εἰρήσεται·
1021 2322 1176 2399 ἴχνος
1212 2320 1522 2397 Ἡρακλέος
1563 2319 1828 2397 φαίνουσι
1853 2325 1912 2381 ἐν

315 2408 494 2485 πέτρῃ
530 2408 694 2481 ε’νεὸν,
723 2409 791 2469 *ro*
830 2408 946 2467 οἶκε
979 2410 1084 2485 μὲν
1112 2408 1334 2485 βήματι
1365 2406 1578 2486 άνδρός,
1607 2409 1727 2469 ἔστι
1753 2408 1813 2468 δὲ
1845 2408 1911 2469 τό

311 2495 561 2575 μέγαθος
600 2495 823 2574 δίπηχυ,
850 2495 1002 2573 παροὶ
1034 2494 1135 2556 τὸν
1169 2497 1354 2573 Τύρην
1392 2495 1664 2573 ποταμόν.
1745 2500 1910 2557 τοῦτο

310 2582 419 2659 μέν
446 2607 543 2641 νυν
572 2582 793 2643 τοιοῦτό
831 2588 973 2643 ἔστι.
1054 2582 1424 2661 ἀναβήσομαι
1462 2583 1522 2642 δὲ
1562 2587 1618 2645 ἐς
1654 2581 1754 2643 τᾶν
1792 2583 1911 2643 κατ’

312 2668 493 2748 α’ρχσῖς
516 2668 613 2746 ἤϊα
637 2670 813 2740 λέξων
838 2669 1027 2751 λόγον.

342 2804 347 2809 .
398 2758 974 2834 Παρασκευαζομένου
1008 2758 1250 2835 Δαρείου
1287 2757 1379 2816 ἐπὶ
1412 2756 1541 2819 τοῦς
1565 2753 1798 2829 Σκύθας,
1823 2756 1912 2815 καὶ
1929 2759 2006 2816 83

313 2845 727 2922 ἐπιπέμποντος
755 2843 1031 2926 ἀγγέλους
1064 2844 1420 2914 ἐπιτάξοντας
1444 2847 1596 2905 τοῖσι
1619 2845 1723 2921 μὲν
1746 2844 1911 2915 πεζὸν

312 2932 564 3009 στρατόν
602 2937 757 2993 τοῖσι
798 2933 859 2993 δὲ
898 2934 1023 2997 νέας
1063 2932 1327 3010 παρέχειν
1361 2934 1514 2992 τοῖσι
1545 2931 1605 2990 δὲ
1631 2930 1914 3011 ζευγνύναι

310 3019 413 3080 τόν
438 3022 701 3098 Θρηΐκιον
728 3020 1046 3098 Βόσπορον,
1082 3017 1432 3095 Ἀρτάβανος
1471 3017 1503 3079 ὅ
1543 3016 1911 3089 Ὑστάσπεος,

313 3106 594 3184 οἷδελφεὸς
620 3110 723 3168 ε’ὠν
750 3109 1011 3185 Δαρείου,
1040 3108 1235 3185 ἔχρῃζε
1259 3106 1524 3183 μηδαμῶς
1551 3105 1716 3165 αὗτὸν
1743 3132 1912 3183 στρα-

310 3194 475 3271 τηίην
501 3196 594 3255 ε’πὶ
618 3193 839 3263 Σκύθας
864 3195 1174 3265 ποιέεσθαι,
1192 3194 1512 3275 καταλέγων
1529 3197 1638 3254 τῶν
1658 3193 1913 3259 Σκυθέων

461 3280 524 3326 25
