2250 3500
300 100 523 166 84-88]
877 106 1329 158 ΜΕΛΠΟΜΕΝΗ.
1797 111 1894 161 315

299 180 567 261 ὄργυιέων
621 181 887 264 γίνονται·
908 190 1009 245 ἐκ
1061 185 1123 246 δὲ
1178 191 1290 247 τῶν
1349 185 1614 268 ὀργυιέων
1661 187 1898 249 τουτέων

299 267 526 328 στάδιοι
571 271 766 332 ἐκατόν
814 272 907 331 καὶ
952 273 1132 350 χίλιοι
1177 273 1268 332 καὶ
1312 274 1506 351 μύριοί
1542 278 1671 336 εἶσι.
1741 279 1796 339 ἐς
1837 275 1898 336 δὲ

298 355 657 432 Θεμισκυρην
706 357 811 432 τήν
864 360 956 418 ἐπὶ
1007 359 1358 436 Θερμώδοντι
1407 367 1641 440 ποταμῷ
1693 368 1752 422 ἐκ
1797 366 1898 439 τῆς

300 443 780 518 Σινδικῆς--κατᾶ
804 449 969 507 τοῦτο
995 447 1107 528 γάρ
1143 452 1267 507 ἐστι
1297 451 1399 508 τοῦ
1432 448 1654 509 Πόντου
1681 449 1897 527 εὐρύτα-

296 534 644 608 τον-τριῶν
666 557 730 591 τε
753 531 1000 611 ἡμερέων
1025 535 1118 609 καὶ
1145 533 1244 594 δύο
1268 539 1476 595 νυκτῶν
1499 536 1694 599 πλόος·
1735 563 1897 598 αυται

299 617 363 676 δέ
400 621 547 695 τρεῖς
583 619 842 697 μυριάδες
882 622 976 682 καὶ
1012 622 1310 700 τριήκοντα
1342 622 1602 706 ὀργυιέων
1632 624 1896 706 γίνονται,

300 704 523 764 στάδιοι
570 706 630 766 δὲ
675 707 988 785 τριηκόσιοι
1033 711 1128 770 καὶ
1171 711 1498 790 τρισχίλιοι.
1580 710 1613 772 ὅ
1656 712 1760 787 μέν
1802 738 1898 773 νυν

302 791 525 856 Πόντος
565 791 727 858 οὗτος
765 796 859 854 καὶ
896 795 1196 874 Βόσπορός
1232 822 1294 858 τε
1335 799 1429 856 καὶ
1471 797 1898 874 Ἑλλήσποντος

300 879 445 940 οὕτω
496 881 564 942 τέ
613 906 715 959 μοι
766 885 1150 961 μεμετρέαται,
1194 886 1288 944 καὶ
1339 885 1482 946 κατοὶ
1524 885 1596 946 τοὶ
1643 887 1898 963 εἰρημένα

300 966 641 1048 πεφυκασι.)
718 971 1021 1050 παρέχεται
1072 971 1134 1030 δὲ
1195 972 1288 1031 καὶ
1338 973 1544 1050 λίμνην
1595 972 1628 1034 ὅ
1680 973 1898 1039 Πόντος

302 1080 463 1120 ουτος
500 1055 827 1118 ἐκδιδοῦσαν
865 1064 921 1124 ἐς
952 1058 1168 1130 ἐωυτόν,
1198 1083 1264 1119 ου
1301 1063 1502 1140 πολλῷ
1531 1063 1636 1141 τέῳ
1667 1060 1896 1122 ἐλάσσω

302 1145 521 1217 εωυτοῦ,
573 1142 615 1220 ἣ
666 1146 910 1220 Μαιῆτίς
972 1170 1037 1208 τε
1103 1147 1363 1208 καλεεται
1415 1149 1508 1208 καὶ
1557 1148 1742 1227 μήτηρ
1792 1152 1895 1209 τοῦ

300 1223 543 1290 Πόντου.

381 1310 453 1372 Ὅ
492 1313 553 1376 δὲ
600 1320 836 1393 Δαρεῖος
875 1313 947 1379 ὥς
986 1314 1271 1391 ἐθηήσατο
1309 1314 1409 1375 τόν
1447 1312 1686 1386 Πόντον,
1731 1316 1895 1376 ἔπλεε
1912 1317 1985 1377 87

300 1395 489 1460 όπίσω
513 1403 607 1463 ἐπὶ
628 1402 734 1480 τήν
756 1405 1009 1485 γέφυραν
1026 1407 1129 1478 τῆς
1147 1401 1482 1480 α’ρχιτέκτων
1501 1401 1718 1481 ἐγένετο
1737 1407 1893 1462 Μαν-

300 1485 571 1565 δροκλέης
597 1490 827 1567 Σάμιος·
868 1489 1223 1566 θηησάμενος
1249 1489 1309 1548 δὲ
1335 1489 1426 1548 καὶ
1448 1486 1548 1548 τὸν
1577 1486 1893 1600 Βόσπορον,

302 1574 583 1682 στήλας”
553 1603 761 1656 εστησε
792 1576 891 1638 δύο
927 1577 1011 1638 ἐπ’
1040 1576 1186 1655 αὐτῷ
1215 1576 1380 1636 λίθου
1404 1575 1677 1645 λευκοῦ,’
1651 1601 1895 1654 ενταμων

298 1661 605 1741 γράμματα
630 1671 687 1728 ἐς
715 1667 821 1743 μεν
843 1663 949 1741 τήν
972 1663 1307 1740 Ἀσσύρια’
1281 1689 1334 1727 ες
1361 1663 1419 1722 δὲ
1443 1661 1566 1740 τήν
1569 1661 1894 1740 Ἑλληνικαὶ,

302 1750 462 1810 ἔθνεα
496 1752 680 1814 πάντα
716 1753 933 1831 ὅσαπερ
974 1752 1096 1834 ἦγε·
1137 1752 1242 1833 ἦγε
1278 1752 1341 1812 δὲ
1377 1750 1562 1813 πάντα
1593 1753 1706 1813 τῶν
1735 1751 1894 1833 ἦρχε·

299 1837 510 1907 τούτων
534 1840 793 1918 μυριάδες
820 1838 1290 1917 ἐξηριθμήθησαν,
1306 1841 1474 1918 χωρὶς
1496 1843 1598 1900 τοῦ
1622 1845 1894 1911 ναυτικοῦ,

302 1926 691 2003 ἐβδομήκοντα
730 1928 839 1989 σῦν
875 1932 1127 1987 ἱππεῦσι·
1183 1927 1299 1989 νέες
1339 1926 1400 1985 δὲ
1436 1924 1720 1995 ἑξακόσιαι
1765 1949 1896 1988 συν·

302 2014 640 2093 ἐλέχθησαν.
678 2018 815 2095 τῇσι
839 2015 944 2093 μέν
962 2039 1059 2075 νυν
1078 2012 1333 2090 στήλῃσι
1350 2012 1588 2089 ταύτῃσι
1605 2012 1898 2083 Βυζάντιοι

302 2102 633 2178 κομίσαντες
668 2107 724 2166 ἐς
759 2103 865 2179 τήν
889 2102 1059 2163 πόλιν
1084 2100 1322 2177 ὕστερον
1345 2097 1553 2159 τούτων
1579 2099 1896 2177 ἐχρήσαντο

300 2188 445 2266 πρδς
476 2190 577 2251 τόν
615 2189 815 2268 βωμόν
858 2194 960 2265 τῆς
998 2188 1314 2266 Ὀρθωσίης
1349 2185 1688 2264 Ἀρτέμιδος,
1728 2189 1898 2267 χωρὶς

300 2276 422 2341 ἐνὸς
448 2278 629 2339 λίθου·
665 2275 827 2341 οὗτος
852 2278 912 2337 δὲ
939 2276 1281 2353 κατελείφθη
1307 2273 1461 2353 παρὰ
1484 2278 1587 2334 τοῦ
1613 2274 1896 2336 Διονύσου

297 2364 399 2425 τὸν
422 2364 556 2439 νηόν
580 2370 638 2439 ἐν
664 2364 961 2445 Βυζαντίῳ,
986 2362 1327 2445 γραμμάτων
1358 2360 1676 2440 Ἀσσυρίων
1701 2364 1893 2427 πλέος.

296 2455 402 2512 τοῦ
444 2453 518 2512 ’δὲ
575 2452 879 2529 Βοσπόρου
931 2452 965 2512 ὁ
1023 2454 1206 2532 χῶρος
1249 2449 1352 2512 τόν
1391 2450 1572 2522 ἔζευξε
1615 2450 1894 2528 βασιλεῦς

298 2542 554 2617 Δαρεῖος,
584 2538 655 2603 ὦς
679 2540 803 2617 ἐμοὶ
831 2540 1039 2599 δοκέειν
1065 2539 1540 2617 συμβαλλομένῳ,
1567 2539 1746 2615 μέσον
1770 2539 1892 2599 ἐστὶ

298 2626 604 2698 Βυζαντίου
628 2652 689 2688 τε
716 2628 809 2687 καὶ
833 2630 933 2687 τοῦ
958 2627 1051 2689 ἐπὶ
1075 2626 1320 2703 στόματι
1347 2628 1480 2703 ἱροῦ.

264 2786 269 2789 ¹
382 2718 621 2792 Δαρεῖος
671 2714 731 2775 δὲ
774 2714 919 2793 μετὰ
962 2717 1156 2797 ταῦτα,
1191 2713 1387 2789 ἡσθεὶς
1423 2716 1496 2790 τῇ
1541 2712 1757 2791 σχεδίῃ,
1794 2711 1895 2773 τὸν
1909 2714 1987 2771 88

298 2800 663 2882 οἷρχιτέκτονα
704 2802 877 2879 αὐτῆς
906 2800 1284 2878 Μανδροκλέα
1319 2798 1418 2860 τὸν
1445 2798 1658 2876 Σάμιον
1694 2798 1892 2907 ἐδωρή-

297 2916 447 2951 σατο
486 2894 633 2951 πᾶσι
672 2890 823 2950 δέκα·
864 2887 959 2949 ἄπ’
987 2887 1061 2949 ὧν
1096 2887 1165 2963 δη
1193 2886 1593 2962 Μανδροκλέης
1632 2886 1895 2965 ἀπαρχήν

298 2980 414 3050 ζῶα
448 2977 811 3058 γραψάμενος
846 2980 1043 3037 πᾶσαν
1078 2973 1185 3050 τήν
1223 2974 1402 3045 ζεῦξιν
1430 2977 1531 3033 τοῦ
1570 2973 1892 3051 Βοσπόρου,

300 3065 395 3125 καὶ
418 3066 675 3141 βασιλέα
696 3089 759 3124 τε
784 3067 1025 3141 Δαρεῖον
1062 3068 1120 3123 ἐν
1147 3053 1409 3139 προεδρίῃ
1447 3059 1770 3138 κατήμενον,
1798 3060 1891 3119 καὶ

297 3152 400 3213 τὸν
436 3151 683 3231 στρατόν
718 3152 887 3212 αὐτοῦ
923 3150 1300 3229 διαβαίνοντα,
1331 3152 1509 3209 ταῦτα
1540 3147 1898 3231 γραψάμενος

300 3240 533 3319 α’νέθηκε
562 3245 617 3305 ἐς
642 3240 709 3301 τὸ
724 3240 983 3310 Ἥραιον,
1009 3239 1322 3323 ἐπιγράψας
1344 3236 1493 3318 τάδε·
