2250 3500
339 117 437 163 100
954 113 1327 162 ἪΡοΔοτοϊ
1868 114 1941 181 [1.

334 191 540 271 χρόνον
562 188 789 250 πολλὸν
811 190 1197 266 προσμένουσι
1225 189 1291 249 οὖ
1318 189 1616 266 δυνάμεναι
1641 189 1745 251 τᾶν
1769 191 1948 268 νόμον

334 282 636 353 ἐκπλῆσαι·
679 277 770 336 καὶ
793 277 905 359 γὰρ
924 277 1142 356 τριέτεα
1164 277 1255 335 καὶ
1273 278 1569 354 τετραέτεα
1593 279 1948 356 μετεξέτεραι

331 365 536 445 χρόνον
575 365 827 441 μένουσι.
911 367 1104 443 ἐνιαχῆ
1148 364 1208 422 δὲ
1250 364 1344 423 καὶ
1387 367 1490 441 τῆς
1536 364 1783 442 Κύπρου
1817 368 1945 429 ἐστὶ

332 451 730 534 παραπλήσιος
754 451 930 532 τούτῳ
957 452 1148 528 νόμος.

239 545 356 602 200
423 540 612 619 Νόμοι
656 543 760 617 μὲν
807 539 874 616 δὴ
919 544 1074 600 τοῖσι
1121 539 1545 615 Βαβυλωνίοισι
1590 539 1745 601 οὗτοι
1784 567 1943 602 κατε-

335 629 556 690 στέασι.
642 628 754 687 εἶσὶ
780 629 840 688 δὲ
865 626 1046 686 αὐτῶν
1071 628 1302 704 πατριαὶ
1327 631 1490 704 τρεῖς,
1520 627 1579 686 αἳ
1606 627 1763 688 οὐδὲν
1789 628 1943 689 ἄλλο

331 718 610 778 σιτέονται
637 720 684 775 εἷ.
707 715 788 792 μή
817 715 974 794 ἰχθῦς
997 716 1224 790 μοῦνον·
1261 714 1391 778 τοῦς
1419 715 1545 774 ἐπεί
1563 741 1625 775 τε
1652 714 1720 777 ἂν
1747 717 1941 793 θηρεύ-
1983 762 1990 767 -

329 831 530 868 σαντες
569 803 816 881 αὐήνωσι
855 801 996 878 πρὸς
1035 801 1217 877 ἥλιον,
1251 804 1475 862 ποιεῦσι
1520 803 1671 862 τάδε·
1720 803 1941 880 ἐσβάλ-

330 897 500 954 λουσι
541 897 597 955 ἐς
638 889 834 965 ὄλμον,
883 890 975 948 καὶ
1017 888 1313 968 λεῄναντες
1353 889 1614 966 ὖπέροισι
1654 894 1807 951 σῶσι
1846 892 1941 954 διὰ

328 979 598 1042 σινδόνος·
642 979 735 1037 καὶ
768 977 829 1040 ὃς
864 978 968 1053 μὲν
994 975 1063 1036 ἂν
1102 976 1387 1053 βούληται
1413 975 1593 1036 αὐτῶν
1618 977 1716 1038 ἅτε
1754 978 1940 1055 μάζαν

327 1067 696 1144 μαξάμενος”
667 1090 796 1145 εχει,
826 1063 858 1125 ὁ
885 1063 1006 1124 δὲ’
969 1090 1164 1174 αρτου
1164 1063 1375 1142 τρόπον
1401 1063 1675 1140 ὀπτήσας.

234 1158 346 1215 201
409 1154 507 1217 Ως
531 1154 591 1213 δε
615 1157 692 1233 τῷ
727 1152 896 1232 Κύρω
937 1153 1029 1212 καὶ
1062 1155 1231 1212 τοῦτο
1256 1178 1323 1212 το
1367 1152 1521 1216 ἔθνος
1562 1154 1935 1235 κατέργαστο,

329 1241 646 1320 ἐπεθύμησε
671 1242 1061 1322 Μασσαγέτας
1087 1239 1181 1299 υπ’
1208 1243 1386 1318 ἑωυτῷ
1411 1239 1935 1316 ποιήσασθαι.τό

329 1329 389 1390 δὲ
414 1331 566 1393 ἔθνος
584 1333 752 1390 τοῦτο
773 1329 865 1388 καὶ
880 1328 1028 1409 μέγα
1048 1327 1275 1409 λέγεται
1302 1327 1442 1387 εἶναι
1468 1330 1561 1388 καὶ
1580 1328 1835 1406 ἄλκιμον,
1854 1337 1931 1392 οἷ-

327 1418 562 1496 κημένον
589 1417 648 1478 δὲ
675 1415 814 1495 πρὸς
837 1416 921 1494 ήῶ
940 1441 1003 1476 τε
1028 1416 1122 1475 καὶ
1147 1415 1315 1490 ἡλίου
1335 1414 1611 1480 ἀνατολὰς
1636 1419 1811 1495 πέρην
1829 1425 1933 1480 τοῦ

322 1506 566 1584 Ἀράξεω
591 1509 872 1582 ποταμοῦ,
896 1503 1085 1564 ἀντίον
1112 1502 1173 1562 δὲ
1190 1501 1532 1584 Ἰσσηδόνων
1558 1503 1789 1581 οἷνδρῶνζ
1818 1509 1932 1568 εἶσὶ

323 1595 383 1654 δὲ
410 1595 629 1656 οἵτινες
649 1593 740 1652 καὶ
762 1589 1032 1657 Σκυθικόν
1049 1591 1287 1671 λέγουσι
1310 1595 1477 1651 τοῦτο
1502 1591 1569 1652 vd
1597 1593 1751 1657 ἔθνος
1768 1593 1929 1657 εἶναι.

219 1685 346 1742 ’202
402 1681 472 1741 Ὁ
520 1680 580 1739 δὲ
623 1677 864 1757 Ἀραξης
909 1678 1135 1759 λέγεται
1174 1678 1267 1737 καὶ
1310 1679 1490 1755 μέζων
1532 1680 1624 1739 καὶ
1664 1679 1929 1745 ἐλάσσων

323 1760 462 1830 εἶναι
486 1772 586 1827 τοῦ
601 1766 851 1844 Ἴστρου·
889 1766 1096 1842 νήσους
1121 1765 1223 1825 δ”
1196 1793 1255 1827 εν
1275 1793 1422 1845 αυτω
1394 1769 1653 1853 Αέσβω
1676 1770 1929 1853 μεγάθεα

319 1856 722 1933 παραπλησίας
763 1852 974 1934 συχνάς
1017 1860 1167 1931 φασι
1206 1854 1360 1925 εἶναι,
1390 1861 1449 1915 ἐν
1492 1856 1567 1916 δὲ
1588 1858 1796 1937 αυτῇσι
1833 1859 1925 1921 οἷν-

321 1944 588 2024 θρωπους,
617 1970 671 2003 οι
697 1944 977 2015 σιτέονται
1002 1946 1106 2019 μὲν
1130 1944 1284 2020 ῥίζας
1308 1943 1375 2004 τό
1403 1944 1619 2022 θέρος’
1586 1945 1927 2022 ορύσσοντες

318 2032 599 2103 παντοίας,
627 2031 870 2109 καρποῦς
896 2031 956 2091 δὲ
981 2029 1094 2091 ἅπό
1122 2030 1382 2109 δενδρέων
1403 2032 1791 2110 ἐξευρῆμένους
1810 2042 1924 2113 σφι

319 2127 375 2187 ἐς
401 2120 634 2200 φορβὴν
661 2120 1058 2181 κατατίθεσθαι
1085 2117 1332 2196 ὦραίους,
1363 2120 1455 2178 καὶ
1480 2120 1707 2195 τούτους
1746 2125 1924 2184 σιτέε-

319 2212 459 2271 σθαι
481 2210 586 2285 τήν
608 2207 945 2288 χειμερινήν·
987 2205 1143 2265 ἄλλα
1183 2206 1246 2265 δέ
1286 2214 1399 2283 σφι
1437 2208 1767 2287 ἐξευρῆσθαι
1808 2212 1924 2273 δέν-

322 2298 455 2375 δρεα
480 2295 724 2373 καρπους
757 2294 1014 2356 τοιούσδε
1050 2319 1205 2357 τινας
1241 2294 1502 2372 φέροντα,
1528 2322 1673 2367 τους,
1703 2300 1828 2359 ἐπεί
1860 2326 1925 2361 τε

319 2384 388 2445 ἂν
411 2389 467 2447 ἐς
491 2382 667 2442 τῶυτό
693 2382 1012 2457 συνέλθωσι
1038 2406 1181 2441 κατα
1222 2382 1374 2446 εἴλας
1415 2384 1507 2442 καὶ
1532 2388 1644 2462 πῦρ
1686 2384 1923 2447 α’νακαύ-

319 2494 544 2539 σωνται,
567 2469 750 2549 κύκλω
775 2454 1187 2546 περιῗζομένους
1213 2469 1605 2547 ἐπιβάλλειν’
1578 2473 1671 2532 επὶ
1694 2473 1761 2533 τό
1754 2478 1923 2584 “vt-139,

317 2529 796 2635 οσφραινομένόυς
838 2557 898 2615 δὲ
943 2557 1376 2637 καταγιζομένου
1418 2564 1520 2619 τοῦ
1566 2564 1781 2637 καρποῦ
1819 2567 1923 2623 τοῦ

320 2645 773 2725 ἐπιβαλλομένου
798 2644 1185 2723 μεθύσκεσθαι
1214 2649 1287 2725 τῇ
1315 2645 1477 2726 ὀδμῇ,
1507 2648 1753 2727 κατάπερ
1783 2648 1923 2710 Ἕλ-

318 2740 492 2812 ληνας
515 2737 593 2813 τῷ
618 2734 763 2815 οἴνῳ·
822 2736 1058 2797 πλεῦνος
1085 2732 1146 2793 δὲ
1174 2735 1628 2811 ἐπιβαλλομένου
1657 2740 1758 2797 τοῦ
1792 2764 1924 2816 καρ-

319 2828 428 2885 ποῦ
466 2827 693 2902 μᾶλλον
734 2821 1134 2899 μεθύσκεσθαι,
1165 2825 1221 2885 ἐς
1264 2820 1297 2881 ὂ
1340 2826 1396 2885 ἐς
1431 2821 1670 2903 ὄρχησίν
1710 2851 1775 2885 τε
1809 2824 1926 2887 ‹ivi-

316 2912 567 2973 στασθαι
620 2910 712 2969 καὶ
765 2914 820 2973 ἐς
873 2908 1065 2983 ἀοιδὴν
1117 2907 1496 2970 ἀπικνέεσθαι·
1563 2910 1774 2973 τούτων
1818 2916 1924 2990 μὲν

319 2998 460 3075 αὕτη
496 2998 721 3078 λέγεται
755 2997 937 3056 δίαιτα
980 2995 1138 3054 εἶναι.
1220 2995 1252 3055 ὁ
1296 2997 1355 3055 δὲ
1395 2996 1636 3076 Ἀράξης
1670 3002 1924 3079 ποταμὸς

315 3088 428 3163 ῥέει
451 3088 554 3163 μὲν
580 3090 641 3143 ἐκ
667 3087 982 3159 Ματιηνῶν,
1011 3080 1142 3141 ὅθεν
1166 3106 1273 3158 περ
1307 3083 1339 3142 ὁ
1372 3084 1583 3161 Γύνδης
1615 3086 1715 3149 τᾶν
1743 3092 1799 3153 ἐς
1821 3088 1924 3152 τοὶς

319 3172 596 3249 διώρυχας
629 3173 731 3234 τοὶς
759 3166 1037 3247 ,ἑξήκοντά
1080 3192 1144 3225 τε
1193 3170 1284 3227 καὶ
1322 3173 1647 3247 τριηκοσίας
1688 3175 1927 3251 διέλαβε

319 3256 356 3315 ὁ
383 3260 586 3332 Κῦρος,
612 3257 866 3335 στόμασι
891 3255 952 3315 δὲ
977 3254 1318 3333 ἐξερεύγεται
1342 3260 1785 3337 τεσσαράκοντα,
1810 3266 1931 3325 τῶν
