2250 3500
338 127 622 192 153—156]
1029 128 1259 180 ΚΛΕῙΩ.
1872 125 1939 180 77

333 209 544 278 οἴκασι,
595 204 904 317 πρήγματα
955 209 1293 287 παρέχοντες
1344 209 1439 268 καὶ
1490 207 1655 270 αὖτοὶ
1704 205 1940 282 ἔχοντες.

335 295 630 374 φροντίζω,
664 295 745 372 μὴ
778 294 1014 373 ἄριστον
1049 293 1088 374 ᾗ
1123 294 1711 374 ἐξανδραποδίσασθαί
1738 298 1947 406 espec-5⁸:

333 385 540 463 ὁμοίως
574 383 686 494 γάρ
720 409 820 460 μοι
857 388 954 444 νῦν
978 410 1048 465 γε
1084 385 1361 461 φαίνομαι
1392 385 1767 461 πεποιηκέναι,
1796 381 1870 445 ὥς
1894 381 1947 442 εἴ

332 497 420 536 τις
452 473 672 550 πατέρα
705 471 1037 536 ἀποκτείνας
1068 477 1181 533 τῶν
1209 471 1420 533 παίδων
1448 472 1619 532 αὐτοῦ
1658 474 1943 548 φείσαιτο·

335 559 411 623 ὥς
434 560 495 619 δὲ
521 560 614 618 καὶ
639 558 750 640 ἐγῶ
767 559 962 620 Λυδῶν
979 559 1079 621 τὸν
1097 561 1203 637 μὲν
1217 561 1395 620 πλέον
1406 585 1463 619 τι
1487 557 1525 635 ἢ
1552 561 1767 639 πατέρα
1782 559 1944 621 ἐόντα

335 649 410 707 σὲ
444 645 646 724 λαβών
671 645 806 727 ἄγω,
835 645 1058 708 αὐτοῖσι
1094 647 1158 707 δὲ
1187 647 1427 708 Λυδοῖσι
1450 646 1556 723 τήν
1581 647 1751 707 πόλιν
1777 649 1942 724 παρέ-

337 735 506 795 δωκα·
548 736 642 794 καὶ
676 736 866 795 ἔπειτα
899 735 1135 813 θωμάζω
1168 737 1221 796 εἴ
1252 761 1352 814 μοι
1387 733 1677 796 ἀπεστᾶσι
1694 734 1743 805 ;'’
1784 731 1817 794 ὅ
1841 738 1946 812 μὲν

337 821 410 899 δὴ
439 822 512 882 τά
542 849 649 901 περ
681 822 802 884 νόεε
835 825 1014 904 ἔλεγε·
1055 823 1088 884 ό
1120 822 1169 883 δ’
1206 823 1485 901 ἀμείβετο
1512 823 1722 894 τοῖσδε,
1758 822 1947 886 δείσας

338 910 423 988 μή
449 909 798 975 ἀναστάτους
829 911 1046 992 ποιήσῃ
1067 911 1171 976 τὰς
1197 911 1417 989 Σάρδις·
1459 921 1495 948 “
1512 909 1556 971 ὦ
1581 913 1849 989 βασιλεῦ,
1874 911 1947 972 τὰ

339 998 446 1076 μὲν
473 997 664 1060 οἰκότα
693 999 928 1076 εἴρηκας·
971 998 1046 1060 σι)
1071 999 1267 1077 μέντοι
1290 999 1371 1076 μὴ
1398 998 1583 1060 πάντα
1603 1000 1759 1080 θυμῷ
1775 999 1939 1080 χρέω,

337 1086 480 1164 μηδὲ
514 1086 686 1148 πόλιν
717 1085 956 1166 ἀρχαίην
993 1087 1379 1166 ἐξαναστήσῃς
1406 1087 1795 1167 ἀναμάρτητον
1820 1092 1937 1148 ἐοῦ-

337 1200 451 1236 σαν
476 1175 570 1234 καὶ
593 1179 707 1236 τῶν
731 1173 1005 1253 πρότερον
1025 1176 1118 1234 καὶ
1143 1179 1253 1236 τῶν
1279 1179 1377 1236 νῦν
1404 1175 1704 1237 ἑστεώτων·
1744 1173 1817 1236 τά
1835 1177 1941 1253 μὲν

335 1261 448 1344 γὰρ
487 1261 762 1340 πρότερον
793 1262 902 1344 ἐγώ
940 1287 1004 1322 τε
1039 1263 1267 1340 ἔπρηξα,
1302 1263 1395 1323 καὶ
1427 1263 1537 1344 ἐγιό
1570 1267 1678 1343 ἐμῇ
1720 1265 1947 1342 κεφαλῇ

337 1350 626 1428 ἀναμάξας
661 1351 834 1428 φέρω·
881 1351 954 1410 τὰ
987 1350 1048 1410 δὲ
1085 1355 1184 1410 νῦν
1213 1350 1507 1426 παρεόντα,
1541 1350 1805 1426 Πακτύης
1834 1349 1946 1432 γάρ

339 1443 464 1499 ἐστι
495 1437 530 1498 ὁ
564 1438 792 1498 ἀδικέων
815 1441 896 1517 τῷ
925 1436 1000 1498 σΰ
1035 1438 1342 1515 ἐπέτρεψας
1368 1435 1587 1514 Σάρδις,
1616 1433 1777 1500 οὗτος
1803 1437 1945 1497 δότω

336 1551 428 1588 τοι
451 1527 628 1604 δίκην.
685 1527 924 1587 Λυδοῖσι
949 1526 1010 1586 δὲ
1035 1524 1376 1607 συγγνώμην
1402 1527 1541 1604 ἔχων
1563 1523 1697 1586 τάδε
1724 1523 1948 1585 αὐτοῖσι

341 1615 616 1686 ἐπίταξον,
653 1614 724 1678 ὥς
762 1613 908 1691 μήτε
945 1613 1273 1675 ἀποστέωσι
1302 1612 1447 1692 μήτε
1472 1613 1645 1673 δεινοί
1675 1637 1767 1674 τοι
1792 1613 1945 1674 ἔωσι·

341 1700 542 1763 ἄπειπε
579 1703 686 1780 μέν
723 1709 838 1780 σφι
875 1702 1103 1780 πέμψας
1143 1700 1299 1763 ὅπλα
1336 1699 1507 1780 ἀρήϊα
1536 1700 1620 1780 μή
1656 1702 1947 1779 ἐκτῆσθαι·

342 1792 533 1851 κέλευε
567 1792 630 1851 δέ
662 1798 849 1868 σφεας
881 1790 1117 1855 κιθῶνάς
1152 1816 1216 1851 τε
1253 1789 1543 1851 ὑποδύνειν
1565 1795 1731 1851 τοῖσι
1754 1791 1949 1869 εἵμασι

342 1879 436 1938 καὶ
460 1878 758 1957 κοθόρνους
777 1878 1135 1940 ὖποδέεσθαι·
1162 1878 1397 1957 πρόειπε
1424 1878 1469 1938 δ’
1488 1877 1711 1940 αὐτοῖσι
1737 1880 1947 1958 κιθαρί-

341 1967 454 2037 ζειν
486 1992 550 2027 τε
590 1968 682 2027 καὶ
722 1967 968 2045 ψάλλειν
1000 1967 1093 2026 καὶ
1134 1966 1469 2041 καπηλεύειν
1504 1966 1783 2026 παιδεύειν
1814 1966 1945 2031 τούς

339 2055 562 2119 παῖδας·
603 2056 696 2115 καὶ
720 2081 932 2134 ταχεως
957 2055 1159 2131 σφέας,
1189 2082 1231 2113 ω
1201 2053 1524 2130 ’βασιλειλ
1548 2056 1813 2133 γυναῖκας
1830 2052 1949 2113 ἀντ’

340 2141 552 2221 ἀνδρῶν
577 2142 742 2221 ὄψεαι
777 2142 1097 2225 γεγονότας,
1127 2140 1273 2200 ὥστε
1298 2140 1457 2201 οὐδὲν
1484 2139 1655 2197 δεινοί
1674 2164 1763 2198 τοι
1790 2141 1945 2199 ἴσον·

905 2229 938 2249 92

338 2256 433 2290 ται
456 2231 538 2309 μὴ
563 2231 905 2292 ἀποστέωσι.
993 2232 1248 2307 Κροῖσος
1269 2229 1375 2305 μὲν
1400 2224 1468 2302 δὴ
1494 2225 1671 2287 ταῦτά
1698 2228 1752 2286 οἶ
1776 2225 1906 2287 ύπε-
1927 2230 2043 2288 156

339 2320 542 2390 τίθετο,
571 2318 904 2397 αἱρετώτερα
926 2322 1105 2379 ταῦτα
1132 2316 1399 2395 εὑρίσκων
1423 2311 1723 2374 Λυδοῖσι*
1689 2340 1725 2389 η
1752 2313 1948 2393 ἀνδρα·

341 2407 710 2471 ποδισθέντας
749 2398 1030 2485 πρηθῆναι
1077 2406 1283 2481 σφέας·
1338 2401 1709 2480 ἐπιστάμενος
1748 2402 1835 2464 ὅτι
1878 2402 1950 2481 ἢν

341 2494 422 2571 μὴ
448 2494 750 2575 ἀξιόχρεων
780 2494 1076 2573 πρόφασιν
1099 2493 1380 2572 προτείνῃ,
1406 2491 1507 2553 οὐκ
1533 2491 1823 2553 ἀναπείσει
1846 2518 1947 2570 μιν

290 2592 300 2607 ’
341 2582 934 2661 μεταβουλεύσασθαι,
962 2581 1247 2660 ἀρρωδέων
1273 2580 1334 2641 δὲ
1356 2580 1439 2657 μὴ
1456 2582 1549 2639 καὶ
1566 2579 1804 2659 ὕστερόν
1824 2606 1951 2642 κοτε

343 2696 400 2729 οι
443 2669 712 2743 Λυδοὶ,
675 2698 748 2747 ην
785 2696 853 2731 το
893 2669 1105 2748 παρεὸν
1146 2667 1558 2747 υπεκδράμωσι,
1602 2666 1953 2730 ἀποστάντες

341 2750 458 2819 ἀπὸ
491 2785 602 2819 των
639 2759 910 2837 Περσέων
945 2756 1285 2817 ἀπόλωνται.
1354 2760 1545 2833 Κῦρος
1569 2754 1629 2814 δὲ
1653 2753 1849 2829 ἡσθεὶς
1878 2758 1953 2833 τῇ

301 2858 320 2867 “
342 2843 616 2927 ὖποθήκῃ,
660 2847 755 2905 καὶ
793 2845 949 2909 ὖπεις
993 2849 1094 2920 τῆς
1137 2868 1327 2925 οργης,
1374 2843 1485 2918 ἔφη
1534 2841 1590 2901 οἶ
1628 2841 1946 2901 πείθεσθαι.

345 2936 595 2998 καλέσας
631 2935 690 2993 δὲ
725 2932 1000 3011 Μαζάρεα
1031 2932 1207 3010 ανδρα
1232 2930 1451 3005 Μῆδον,
1477 2926 1653 2989 ταῦτά
1680 2930 1734 2987 οἱ
1761 2928 1951 2987 ἐνετεί-

345 3025 490 3081 λατο
531 3025 820 3100 προειπεῖν
859 3020 1100 3081 Λυδοῖσι
1139 3018 1213 3079 τοὶ
1256 3017 1289 3077 ὁ
1332 3019 1585 3094 Κροῖσος
1636 3014 1950 3074 ὑπετίθετο·

350 3110 446 3168 καὶ
468 3109 624 3188 πρὸς,
653 3107 1237 3186 ἐξανδραποδίσασθαι
1258 3129 1390 3166 τους
1426 3102 1640 3165 ἄλλους
1662 3100 1875 3163 πάντας
1902 3128 1959 3161 οι

351 3196 498 3271 μετὰ
542 3196 738 3257 Λυδῶν
781 3196 874 3255 ἐπὶ
925 3193 1130 3272 Σάρδις
1171 3188 1633 3267 ἐστρατεύσαντο,
1677 3212 1847 3249 αυτον
1898 3188 1961 3249 δὲ

353 3282 624 3359 Πακτύην
647 3282 866 3345 πάντως
889 3282 1069 3353 ζωντα
1093 3276 1326 3358 ἀγαγεῖν
1348 3273 1479 3340 παρ’
1508 3274 1726 3337 εωυτόν.
