2250 3500
229 105 260 148 2
833 105 1193 171 HPOAomooe
1758 107 1828 170 [Ι.

226 178 288 238 δὲ
323 185 380 244 ἐς
413 181 519 258 τὴν
553 185 652 244 νέα
687 184 946 263 οἴχεσθαι
977 183 1365 248 ἀποπλέοντας
1401 183 1487 244 ἐπ’
1522 183 1830 266 Αἰγύπτου.

161 265 198 326 2
231 265 392 327 Οὕτω
417 272 522 346 μὲν
546 269 738 331 Ἰοῦν’
713 298 769 335 ες
793 271 1080 352 Αἴγυπτον
1099 271 1401 332 ἀπικέσθαι
1420 273 1658 352 λέγουσι
1682 273 1831 350 Πέρ-
1873 287 1882 295 ’

226 379 343 424 σαι,
387 382 489 416 ουκ
529 384 601 422 ως
636 357 932 436 Ἕλληνες·
989 360 1081 418 καὶ
1118 363 1231 419 τῶν
1272 357 1621 436 ἀδικημάτων
1660 363 1830 420 τοῦτο

225 439 390 517 ἄρξαι
431 447 672 521 πρῶτον·
711 445 854 523 μετὰ
894 445 956 505 δὲ
992 450 1185 516 ταῦτα,
1222 445 1513 522 Ἑλλήνων
1552 445 1707 509 τινὰς
1736 445 1829 526 (οὗ

222 527 335 608 γάρ
356 531 552 610 ἔχουσι
569 531 1270 616 τοῦνομωάπηγήσασθαι)
1290 533 1439 610 φασὶ
1458 537 1559 610 τῆς
1572 534 1829 610 Φοινίκης

225 620 283 679 ε’ς
327 618 528 695 Τύρον·
547 620 922 700 προσχόντας,
964 620 1221 698 ἀρπάσαι
1260 625 1361 681 τοῦ
1406 621 1687 697 βασιλέος
1722 621 1829 697 τήν

190 779 201 789 ·
223 703 502 786 θυγατέρα
539 707 834 786 Εὐρώπην·
885 709 1106 790 (εἴησαν
1153 709 1199 768 δ’
1246 707 1317 768 ἂν
1357 706 1513 769 οὗτοι
1558 710 1826 788 Κρἣες·)

220 796 398 853 ταῦτα
435 797 540 870 μὲν
576 795 644 870 δή
678 796 780 855 ἴσα
809 801 923 871 σφι
962 794 1103 872 πρός
1134 796 1235 854 ἴσα
1268 796 1552 875 γενέσθαι·
1592 794 1738 873 μετὰ
1766 796 1827 856 δὲ

220 883 414 950 ταῦτα,
437 881 728 957 Ἕλληνας
769 883 974 944 αἰτίους
1002 885 1104 958 τῆς
1136 882 1391 958 δευτέρης
1429 881 1641 958 ἀδικίης
1675 884 1825 962 γενέ-

223 966 381 1025 σθαι·
415 967 896 1032 καταπλώσαντας
919 967 1030 1050 γάρ
1057 971 1248 1047 μακρῇ
1273 968 1365 1043 νηῒ
1390 971 1447 1029 ἐς
1465 967 1610 1027 Αἰάν
1633 993 1697 1027 τε
1720 968 1825 1044 τήν

223 1054 484 1133 Κολχίδα
504 1055 598 1114 καὶ
626 1056 718 1115 ε’πὶ
737 1060 922 1125 Φᾶσιν
940 1054 1215 1132 ποταμὸν,
1238 1056 1504 1124 ἐνθεῦτεν,
1527 1055 1825 1132 διαπρηξα-

220 1140 420 1217 μένους
445 1143 539 1201 καὶ
567 1141 758 1203 τᾶλλα
786 1147 898 1204 τῶν
925 1143 1127 1204 εἵνεκεν
1152 1141 1409 1213 ἀπίκατο,
1436 1141 1693 1221 ἁρπάσαι
1721 1148 1823 1204 τοῦ

219 1229 498 1304 βασιλέος
531 1229 636 1306 τὴν
667 1230 945 1312 θυγατέρα
979 1230 1254 1306 Μήδειαν·
1296 1230 1596 1309 πέμψαντα
1633 1230 1693 1290 δὲ
1720 1230 1823 1292 τὸν

221 1315 456 1395 Κόλχον
487 1321 544 1381 ἐς
565 1317 670 1394 τήν
695 1317 950 1379 Ἑλλάδα
977 1317 1205 1397 κήρυκα,
1233 1318 1433 1379 αἰτέειν
1456 1343 1520 1378 τε
1546 1318 1697 1382 δίκας
1721 1323 1822 1395 τῆς

218 1401 477 1484 ἀρπαγῆς
516 1405 610 1464 καὶ
641 1405 922 1468 ἀπαιτέειν
958 1405 1064 1482 τήν
1100 1406 1396 1488 θυγατέρα·
1436 1404 1567 1470 τούς
1596 1406 1657 1465 δὲ
1684 1407 1819 1466 ὕπο-

221 1490 534 1567 κρίνασθαι,
562 1491 634 1556 ὦς
659 1492 787 1552 οὐδὲ
813 1497 1010 1554 ἐκεῖνοι
1034 1491 1181 1556 Ἰοῦς
1213 1497 1316 1569 τῆς
1338 1492 1595 1572 Ἀργείης
1619 1491 1820 1553 ἔδοσάν

219 1582 333 1653 σφι
349 1578 500 1644 δίκας
513 1584 614 1656 τῆς
630 1579 902 1662 ἀρπαγῆς,
920 1579 1046 1640 οὐδὲ
1062 1579 1137 1640 ὧν
1152 1578 1310 1640 αὐτοὶ
1325 1578 1525 1639 δώσειν
1536 1580 1817 1640 ἐ’κείνοισι.

155 1667 193 1725 3
223 1665 468 1744 Δευτέρῃ
503 1666 564 1726 δὲ
597 1669 836 1748 λέγουσι
867 1671 1032 1747 γενεῇ
1065 1665 1211 1744 μετὰ
1244 1670 1421 1727 ταῦτα
1450 1664 1819 1742 Ἀλέξανδρον
1889 1740 1894 1746 ¹
1934 1663 1939 1668 ⁸

215 1752 317 1813 τὸν
355 1754 619 1831 Πριάμου
659 1754 940 1831 ἀκηκοότα
975 1758 1170 1824 ταῦτα,
1210 1754 1487 1830 ἐθελῆσαί
1522 1756 1577 1813 οἶ
1615 1758 1678 1814 ἐκ
1714 1759 1817 1831 τῆς

218 1839 497 1904 Ἑλλάδος
517 1842 584 1901 δι’
606 1840 864 1923 ἀρπαγῆς
882 1842 1147 1924 γενέσθαι
1170 1845 1424 1924 γυναῖκα,
1447 1840 1819 1918 ἐπιστάμενον

217 1926 436 1991 πάντως
460 1927 550 1989 ὅτι
576 1955 640 1988 ου
624 1928 830 1990 ’δώσει
849 1929 1020 1993 δίκας·
1049 1928 1176 1989 ουδὲ
1200 1927 1311 2010 γάρ
1333 1929 1568 1993 ἐκείνους
1588 1928 1815 1989 διδόναι·

217 2014 360 2075 οὕτω
396 2015 464 2092 δη
496 2015 854 2095 ἀρπάσαντος
891 2015 1062 2077 αυτοῦ
1091 2016 1345 2093 Ελένην,
1374 2020 1530 2123 τοῖσι
1559 2014 1817 2094 Ελλησι

215 2101 374 2173 δόξαι
428 2109 650 2184 πρῶτον
705 2104 1034 2185 πέμψαντας
1091 2104 1369 2187 ἀγγέλους
1422 2102 1703 2165 ἀπαιτέειν
1752 2130 1816 2165 τε

213 2189 448 2269 Ἑλένην
499 2193 592 2251 καὶ
637 2192 792 2257 δίκας
835 2219 938 2270 της
983 2193 1242 2274 ἀρπαγῆς
1288 2193 1505 2253 αἰτέειν·
1557 2218 1691 2256 τους
1737 2192 1813 2263 δὲ,

215 2280 640 2358 προϊσχομένων
679 2279 872 2349 ταῦτα,
913 2281 1219 2357 προφέρειν
1264 2284 1379 2355 σφι
1422 2278 1674 2355 Μηδείης
1708 2282 1817 2353 τήν

215 2364 496 2447 ἁρπαγήν·
550 2390 623 2428 ως
663 2364 730 2428 οὗ
771 2365 957 2428 δόντες
999 2364 1159 2425 αὐτοὶ
1200 2364 1356 2428 δίκας
1397 2363 1524 2425 ουδὲ
1568 2363 1815 2429 ἐκδόντες

215 2451 603 2523 ἀπαιτεόντων,
628 2450 941 2529 βουλοίατό
967 2458 1080 2529 σφι
1105 2450 1237 2528 παρ’
1263 2450 1455 2511 ἄλλων
1489 2451 1643 2515 δίκας
1670 2452 1812 2531 γίνε-

149 2542 189 2601 4
218 2542 374 2601 σθαι.
456 2541 646 2619 Μέχρι
675 2542 782 2618 μὲν
817 2539 892 2601 ὥν
905 2574 908 2579 -
921 2540 1121 2601 τούτου
1154 2538 1411 2619 ἁρπαγὰς
1433 2538 1643 2617 μούνας
1676 2538 1814 2599 εἶναι

213 2626 345 2705 παρ’
366 2626 652 2703 ἀλλήλων·
678 2626 749 2687 τὰ
771 2628 830 2687 δὲ
856 2626 971 2687 ἀπὸ
996 2625 1216 2699 τούτου,
1233 2625 1523 2703 Ἕλληνας
1548 2626 1617 2703 δή
1642 2626 1813 2707 μεγά-

211 2719 326 2779 λως
352 2715 556 2779 αἰτίους
580 2714 864 2797 γενέσθαι·
895 2716 1198 2794 προτέρους
1220 2714 1333 2797 γοὶρ
1354 2713 1521 2791 ἄρξαι
1548 2714 1811 2793 στρατεύ-

215 2805 382 2865 εσθαι
417 2807 473 2866 ἐς
505 2801 610 2878 τὴν
644 2801 846 2879 Ἀσίην
870 2802 908 2879 ἢ
941 2804 1127 2879 σφέας
1158 2806 1213 2866 ἐς
1241 2802 1347 2878 τήν
1371 2800 1664 2879 Εὐρώπην.
1744 2801 1812 2862 τό

203 2890 318 2967 μέν
354 2914 464 2951 νυν·
485 2889 751 2969 ἀρπάζειν
783 2892 1048 2971 γυναῖκας
1085 2888 1299 2968 ἀνδρῶν
1336 2888 1538 2952 ἀδίκων
1570 2889 1813 2967 νομίζειν

215 2978 379 3057 ἔργον
400 2976 555 3048 εἶναι,
575 2978 642 3039 vd
660 2978 720 3039 δὲ
739 2976 1167 3055 ἀρπασθεισέων
1187 2977 1441 3053 σπουδήν
1460 2976 1813 3054 ποιήσασθαι

211 3065 496 3142 τιμωρέειν
549 3064 812 3143 ἀνοήτων,
869 3064 960 3146 [τό
1018 3065 1080 3124 δὲ
1136 3065 1413 3143 μηδεμίαν
1469 3064 1615 3144 ὥρην
1669 3066 1814 3145 ἔχειν

212 3150 658 3227 ἁρπασθεισέων,
690 3151 1040 3234 σωφρόνων]
1081 3149 1232 3225 δῆλα
1266 3151 1378 3235 γάρ
1415 3152 1484 3229 δὴ
1516 3152 1620 3224 ὅτι,
1654 3157 1703 3212 εἰ
1730 3151 1813 3228 μὴ

213 3235 377 3297 αὐταὶ
402 3238 731 3311 ἐβουλέατο,
759 3240 860 3319 οὐκ
885 3237 956 3301 ἂν
979 3238 1317 3318 ἡρπάζοντο.
1386 3241 1573 3318 σφέας
1596 3242 1701 3319 μὲν
1726 3237 1811 3313 δή,

33 3358 244 3441 Ἀ
