2250 3500
307 143 588 209 155—158]
959 147 1284 198 mama.
1806 145 1902 200 18⁷

305 222 498 300 ἄφορα
537 221 752 282 πολλά·
797 221 976 304 λόγον
1013 222 1074 282 δὲ
1109 221 1272 285 τόνδε
1312 225 1665 306 ἐπιλέγοντες
1706 225 1764 286 οἶ
1807 228 1906 286 Αἶ-

304 309 532 392 γύπτιοι
562 309 712 385 φασὶ
753 307 893 370 εἶναι
933 308 1106 386 αὐτὴν
1144 311 1391 386 πλωτήν·
1434 310 1507 376 ὥς
1546 316 1605 373 ἓν
1641 315 1715 392 τῇ
1752 311 1909 393 νήσῳ

304 397 480 475 ταύτῃ
505 395 606 457 οῦκ
640 395 816 475 ἐούσῃ
840 396 1112 474 πρότερον
1136 401 1351 476 πλωτῇ,
1378 398 1562 476 Λητώ,
1590 404 1765 461 εὀῦσα
1795 398 1907 462 τῶν

307 483 452 546 ὄκτῶ
492 486 632 546 θεῶν
674 487 787 544 τῶν
825 484 1056 560 πρώτων
1096 487 1406 565 γενομένων
1448 487 1709 548 οἰκέουσα
1748 488 1809 548 δὲ
1848 493 1909 550 ἔν

307 575 516 633 Βουτοῖ
551 570 708 642 πόλι,
743 571 833 631 ἶνα
871 571 942 647 δή
975 573 1028 631 οἶ
1067 571 1135 632 τὸ
1174 571 1520 650 χρηστήριον
1557 574 1725 634 τοῦτό
1764 579 1907 651 ε’στι,

304 657 646 720 Ἀπόλλωνα
687 658 839 737 παρὰ
876 657 1056 723 Ἴσιος
1101 659 1573 736 παρακαταθήκην
1620 660 1905 739 δεξαμένη,

307 745 542 808 διέσωσε
582 746 990 825 κατακρύψασα
1031 751 1091 807 ἒν
1135 749 1209 826 τῇ
1251 750 1349 808 νῦν
1392 751 1591 826 πλωτῇ
1630 751 1910 829 λεγομένῃ

307 833 478 913 νήσῳ,
522 833 614 894 ὅτε
661 833 730 910 δὴ
772 833 839 895 τὸ
885 836 1000 895 πᾶν
1047 833 1337 912 διζήμενος
1374 834 1407 895 ὅ
1440 835 1645 912 Τυφών
1692 837 1907 912 ἐπῆλθε

309 919 487 982 θέλων
507 921 741 998 ἐξευρεῖν
765 925 868 981 τοῦ
892 920 1145 998 Ὀσίριος
1168 921 1269 982 τόν
1292 921 1905 986 παῖδα·-Ἀπόλλωνα

308 1006 370 1067 δὲ
399 1009 492 1068 καὶ
519 1006 788 1086 Ἀρτεμιν
821 1008 1105 1068 Διονύσου
1145 1009 1239 1068 καὶ
1267 1007 1447 1075 Ἴσιος
1486 1009 1725 1091 λέγουσι
1765 1011 1905 1074 εἶναι

187 1128 194 1134 ·
305 1095 522 1168 παῖδας,
548 1099 772 1173 Λητοῦν
805 1095 864 1156 δὲ
896 1095 1111 1172 τροφόν
1136 1095 1359 1158 αὗτοῖσι
1391 1097 1483 1158 καὶ
1515 1098 1787 1176 σώτειραν
1808 1123 1901 1181 γε·

305 1185 521 1245 νέσθαι·
551 1184 890 1264 Αἰγυπτιστὶ
906 1183 965 1242 δὲ
983 1181 1286 1244 Ἀπόλλων
1296 1186 1401 1262 μὲν
1412 1183 1607 1262 Ὦρος,
1626 1185 1901 1264 Δημήτηρ

305 1269 366 1330 δὲ
395 1269 560 1342 Ἶσις,
583 1270 848 1349 Ἄρτεμις
882 1271 944 1331 δὲ
979 1271 1323 1348 Βουβαστις.
1392 1275 1454 1330 ἐκ
1482 1271 1682 1333 τούτου
1713 1273 1775 1332 δὲ
1802 1277 1905 1334 τοῦ

303 1358 480 1440 λόγου
519 1359 614 1419 καὶ
654 1358 876 1424 οὗὸενδς
921 1356 1106 1418 ἄλλου
1146 1357 1438 1436 Αἰσχύλος
1478 1359 1511 1418 ὁ
1548 1357 1907 1436 Εὐφορίωνος

303 1445 526 1523 ἥρπασε
551 1473 618 1536 το
646 1446 752 1529 ἐγω
773 1447 995 1524 φράσω,
1017 1449 1223 1523 μοῦνος
1248 1445 1317 1522 δη
1344 1447 1614 1522 ποιητέων
1638 1451 1749 1506 τῶν
1771 1471 1907 1524 προ-

301 1531 628 1614 γενομένων·
683 1535 915 1609 ἐποίησε
962 1560 1076 1614 γαρ
1118 1531 1391 1610 Ἀρτεμιν
1438 1531 1579 1594 εἶναι
1626 1533 1905 1615 θυγατέρα

305 1621 621 1701 Δήμητρος·
623 1621 808 1698 -τῆν
834 1623 896 1682 δὲ
929 1627 1105 1698 νῆσον
1138 1621 1229 1682 διὰ
1264 1625 1433 1683 τοῦτο
1461 1619 1727 1703 γενέσθαι
1754 1625 1905 1682 πλω-

302 1708 424 1787 τήν.
491 1715 670 1773 ταῦτα
693 1712 797 1789 μὲν
823 1709 964 1771 οὕτω
990 1710 1247 1792 λέγουσι.

383 1799 736 1879 Ψαμμίτιχος
782 1799 844 1859 δε
889 1799 1237 1875 ἐβασίλευσε
1283 1798 1569 1880 Αἶγυπτου
1614 1770 1865 1880 τέσσερα
1884 1800 1998 1863 157

305 1886 398 1945 καὶ
422 1881 768 1963 πεντήκοντα
794 1888 935 1947 ἔτεα·
977 1890 1088 1948 τῶν
1112 1912 1185 1946 τα
1219 1886 1339 1951 ἔνος
1370 1886 1565 1948 δέοντα
1590 1888 1906 1965 τριήκοντα,

298 1972 560 2047 Ἀζωτον,
587 1978 688 2051 τῆς
717 1974 920 2051 Συρίης
943 1974 1201 2054 μεγαλην
1231 1972 1419 2043 πόλιν,
1448 1975 1910 2052 προσκατήμενος

305 2062 646 2141 ἐπολιόρκεε,
667 2067 722 2127 ἐς
745 2089 812 2124 το
795 2062 1028 2131 ἐξεῖλε.
1080 2060 1220 2136 αὕτη
1240 2059 1361 2119 δὲ’
1325 2085 1362 2136 η
1380 2058 1680 2131 '‘Acmoe
1644 2062 1909 2122 απασέων

303 2152 570 2211 πολίων·
544 2150 634 2210 επὶ
664 2154 938 2210 πλεῖστον
968 2145 1173 2228 χρόνον
1198 2146 1639 2223 πολιορκευμένη
1668 2146 1911 2227 ἀντέσχε

304 2263 418 2298 των
443 2238 604 2315 ἡμεῖς
631 2238 805 2315 ἴδμεν.

386 2328 744 2406 Ψαμμιτίχου
775 2326 836 2385 δὲ
875 2324 1070 2389 Νεκως
1105 2328 1237 2389 παῖς
1274 2323 1507 2405 ἐγένετο,
1536 2324 1631 2385 καὶ
1671 2323 1867 2402 ἔβασί·
1889 2326 2005 2385 158

221 2430 230 2436 “
304 2417 476 2474 λευσε
516 2414 820 2495 Αιγύπτου·
863 2440 924 2479 ος
957 2418 1030 2492 τῇ
1060 2413 1287 2493 διώρυχι
1324 2412 1655 2492 ἐπεχείρησε
1691 2416 1908 2490 πρῶτος

302 2505 376 2580 τῇ
403 2508 457 2565 ἐς
479 2501 584 2579 τήν
608 2501 884 2580 Ἐρυθρὴν
913 2501 1218 2562 θάλασσαν
1240 2500 1512 2579 φερούσῃ,
1538 2500 1644 2577 τήν
1669 2504 1909 2579 Δαρεῖος

305 2588 340 2649 ὁ
359 2591 588 2666 Πέρσης
614 2588 838 2667 δεύτερα
860 2588 1105 2666 διώρυξε·
1132 2594 1233 2664 τῆς
1256 2593 1435 2665 μῆκος
1459 2589 1565 2665 μέν
1586 2594 1709 2649 ε’στι
1728 2588 1909 2655 πλόος

303 2676 508 2754 ἡμέραι
532 2679 816 2754 τέσσερες,
839 2676 996 2754 εὖρος
1021 2676 1082 2736 δὲ
1109 2675 1333 2755 ὠρύχθη
1360 2675 1507 2736 ὥστε
1531 2674 1788 2752 τριήρεας
1807 2674 1907 2734 δύο

302 2765 496 2825 πλέειν
523 2763 666 2841 ὁμοῦ
693 2764 1157 2841 ἐλαστρευμένας.
1223 2763 1389 2841 ἦκται
1420 2762 1479 2821 δὲ
1512 2761 1623 2820 ἆπό
1649 2765 1750 2821 τοῦ
1777 2760 1907 2820 Νεί-

302 2855 410 2913 λου
448 2853 518 2914 τδ
552 2852 697 2931 ὕδωρ
728 2856 784 2917 ἐς
823 2850 1014 2927 αὐτήν·
1055 2850 1221 2928 ἦκται
1262 2851 1323 2910 δὲ
1362 2848 1670 2926 κατύπερθε
1710 2846 1909 2929 ὀλίγον

304 2940 667 3017 Βουβάστιος
705 2940 920 3011 πόλιος,
955 2939 1110 3015 παρὰ
1147 2937 1452 3013 Πάτουμον
1486 2934 1591 3012 τὴν
1628 2933 1909 3011 Ἀραβίην

302 3025 493 3089 πόλιν·
500 3029 732 3139 Ηὲσέχει
731 3028 836 3087 δε’
811 3053 865 3091 ες
888 3026 992 3102 τὴν
1015 3024 1292 3103 Ἐρυθρὴν
1313 3024 1635 3085 θάλασσαν·
1670 3021 1907 3099 ὤρυκται

305 3114 368 3174 δε
405 3119 627 3193 πρῶτον
665 3117 769 3193 μὲν
801 3119 904 3176 τοῦ
937 3114 1128 3174 πεδίου
1166 3115 1266 3174 τοῦ
1307 3110 1613 3193 Αἰγυπτίου
1652 3135 1725 3169 τα
1764 3109 1907 3187 πρὸς

201 3228 208 3233 ·
302 3201 640 3281 Ἀραβίην”
609 3228 828 3283 εχοντα·
862 3203 1050 3281 ἔχεται
1073 3201 1135 3261 δὲ
1162 3198 1468 3277 κατῦπερθε
1492 3201 1593 3260 τοῦ
1618 3198 1810 3258 πεδίου
1833 3222 1901 3258 το

306 3288 469 3353 κατα
473 3290 715 3369 Μέμφιν
730 3292 912 3351 τεῖνον
937 3287 1084 3367 ὅρος,
1106 3292 1167 3349 ἐν
1190 3290 1268 3367 τῷ
1287 3289 1345 3347 αἶ
1371 3286 1692 3365 λιθοτομίαι
1717 3285 1908 3347 ἔνεισι·
