2250 3500
357 113 459 161 252
960 112 1327 162 ἯΡοΔοτοα·
1823 111 1958 175 [111.

358 190 469 253 ὖπό
518 193 647 270 γῆν.
728 188 1069 267 θερμότατος
1120 190 1186 249 δέ
1235 194 1360 251 ἐστι
1411 190 1447 249 ὅ
1491 189 1658 266 ἥλιος
1709 190 1965 251 τούτοισι

356 282 511 339 τοῖσι
561 276 907 354 ἀνθρώποισι
956 277 1023 337 τὰ
1084 276 1325 347 ἑωθινὸν,
1378 276 1444 337 οὗ
1509 276 1758 355 κατάπερ
1805 282 1966 338 τοῖσι

356 364 592 425 αλλοισι
642 366 1021 442 μεσαμβρίης,
1076 365 1210 424 ἀλλ’
1263 365 1596 443 ὖπερτείλας
1644 367 1846 444 μέχρις
1897 393 1966 425 ου

356 452 566 534 ἀγορῆς
592 452 963 516 &ammos-v
927 457 1128 518 τοῦτον
1153 453 1214 512 δὲ
1236 479 1337 513 τον
1361 452 1568 531 χρόνον
1593 451 1738 512 καίει
1763 457 1968 531 πολλῷ

359 544 587 621 μᾶλλον
624 540 663 617 ἢ
697 545 771 619 τῇ
803 542 1140 620 μεσαμβρίῃ
1176 539 1282 617 τὴν
1315 540 1591 611 Ἑλλάδα,
1619 540 1794 603 οὕτως
1831 540 1968 601 ὥστ’

360 634 419 691 ἐν
458 628 619 690 ὕδατι
654 628 827 711 λόγος
870 626 1070 693 αὐτούς
1111 634 1238 688 ἐστι
1281 629 1603 708 βρέχεσθαι
1639 632 1964 704 τηνικαῦτα·

358 722 623 794 μεσοῦσα
676 717 737 775 δὲ
786 716 827 793 ἦ
878 715 1061 793 ἡμέρη
1108 716 1322 796 σχεδὸν
1367 716 1779 793 παραπλησίως
1824 716 1969 775 καίει

357 804 488 869 τούς
524 830 589 865 τε
619 803 832 869 ἄλλους
870 802 1195 882 ἀνθρώπους
1234 804 1328 864 καὶ
1366 805 1497 868 τούς
1519 803 1745 867 Ἰνδούς.
1829 804 1965 863 ἀπο·

361 892 692 969 κλιναμένης
724 892 785 953 δὲ
813 896 916 969 τῆς
942 894 1326 971 μεσαμβρίης,
1357 892 1576 974 γίνεταί
1601 898 1715 968 σφι
1747 890 1780 952 ὅ
1805 892 1968 967 ἥλιος

359 980 607 1056 κατάπερ
632 983 786 1040 τοῖσι
810 979 1049 1040 ἄλλοισι
1073 980 1106 1041 ὁ
1137 979 1376 1044 ἑωθινός·
1414 981 1508 1040 καὶ
1531 980 1600 1041 vd
1628 979 1742 1039 α’,πό
1767 980 1968 1041 τούτου

360 1066 528 1127 ἐπιών
564 1069 656 1128 ἐπὶ
684 1071 911 1144 μᾶλλον
946 1067 1132 1147 ψύχει,
1167 1074 1224 1133 ἐς
1257 1068 1291 1129 ὃ
1324 1069 1418 1129 ἐπὶ
1447 1068 1704 1146 δυσμῇσι
1739 1068 1842 1127 ἐῶν
1873 1068 1968 1127 καὶ

270 1156 384 1216 105
401 1155 467 1215 τό
496 1154 671 1233 κάρτα
704 1156 892 1236 ψύχει.
970 1155 1181 1217 Ἐπεὰν
1211 1158 1272 1216 δὲ
1310 1158 1523 1237 ἔλθωσι
1557 1161 1614 1220 ἐς
1651 1154 1753 1216 τᾶν
1781 1158 1968 1234 χῶρον

361 1246 415 1303 οἱ
448 1242 615 1304 Ἰνδοὶ
650 1244 870 1324 ἔχοντες
914 1244 1172 1315 θυλάκια,
1212 1244 1608 1322 ἐμπλήσαντες
1646 1247 1826 1303 ταῦτα
1867 1248 1968 1319 τῆς

362 1329 597 1410 ψάμμου
620 1332 723 1408 τήν
746 1334 1025 1412 ταχίστην
1050 1332 1354 1393 ἐλαύνουσι
1387 1331 1592 1393 ὀπίσω·
1633 1330 1834 1391 αὐτίκα
1857 1332 1968 1412 γὰρ

364 1423 419 1480 οἱ
462 1419 745 1497 μύρμηκες
788 1420 935 1499 ὀδμῇ
976 1420 1074 1503 (ὥς
1116 1420 1186 1497 δή
1232 1420 1462 1501 λέγεται
1511 1418 1626 1479 im?
1673 1420 1966 1501 Περσέων)

362 1508 635 1583 μαθόντες
668 1510 950 1569 διώκουσι·
998 1510 1140 1569 εἶναι
1169 1510 1229 1568 δὲ
1258 1506 1546 1587 ταχύτητα
1581 1506 1762 1567 οὐδενὶ
1805 1506 1969 1586 ἑτέρῳ

364 1595 575 1672 ὁμοῖον,
604 1596 745 1657 οὕτω
771 1597 932 1667 ὥστε,
963 1602 1011 1657 εἶ
1034 1597 1116 1674 μή
1147 1595 1582 1675 προλαμβάνειν
1607 1595 1738 1659 τούς
1760 1594 1970 1660 Ἰνδούς

362 1687 465 1758 τῆς
504 1684 635 1743 ὁδοῦ
672 1690 730 1744 ἐν
759 1683 803 1764 ᾧ
832 1685 963 1747 τοῦς
1002 1684 1296 1763 μύρμηκας
1331 1684 1738 1765 συλλέγεσθαι,
1774 1682 1972 1743 οὐδένα

364 1768 434 1830 ἄν
468 1777 661 1847 σφεων
697 1771 1113 1844 ἀποσώζεσθαι·
1159 1774 1291 1838 τούς
1325 1773 1431 1849 μέν
1465 1797 1563 1833 νυν
1603 1773 1833 1850 ἔρσενας
1860 1775 1972 1832 τῶν

367 1858 633 1935 καμήλων
668 1859 833 1940 (εἶναι
862 1861 975 1942 γάρ
996 1859 1263 1936 ’ἥσσονας
1299 1863 1418 1922 θεῖν
1451 1865 1564 1920 τῶν
1600 1859 1840 1940 θηλέων)
1877 1861 1973 1918 καὶ

364 1947 757 2023 παραλύεσθαι
804 1949 1208 2026 ἐπελκομένους
1259 1948 1360 2009 οὔκ
1407 1947 1552 2024 ὄμοΰ
1597 1945 1970 2025 ἀμφοτέρους·

366 2033 467 2098 τὰς
493 2037 555 2096 δὲ
580 2037 785 2114 θηλέας
813 2035 1374 2116 ἀναμιμνησκομένας
1407 2038 1520 2097 τῶν
1551 2037 1748 2097 ἔλιπον
1771 2035 1976 2096 τέκνων

366 2124 636 2185 ἐνδιδόναι
686 2125 947 2204 μαλακόν
987 2124 1166 2186 οὐδέν.
1246 2122 1350 2185 τόν
1391 2126 1496 2200 μὲν
1547 2123 1618 2200 δὴ
1670 2123 1832 2183 πλέω
1872 2119 1975 2182 *rofi

365 2217 585 2291 χρυσοῦ
628 2215 772 2274 οὕτω
815 2218 871 2274 οἱ
908 2213 1075 2274 Ἰνδοὶ
1118 2216 1370 2283 κτῶνται,
1415 2211 1488 2275 ὥς
1534 2212 1760 2288 Πέρσαι
1804 2209 1976 2286 φασί·

368 2299 549 2363 ἄλλος
600 2302 660 2361 δὲ
712 2301 1089 2380 σπανιώτερός
1131 2307 1256 2363 ἐστι
1301 2305 1361 2362 ἐν
1406 2303 1480 2379 τῇ
1527 2298 1684 2380 χώρῃ
1731 2297 1978 2376 ὀρυσσό-

367 2411 550 2461 μενος.

278 2475 391 2533 106
474 2479 550 2534 Αἱ
586 2475 632 2534 δ’
670 2477 936 2556 ἐσχατιαί
967 2503 1073 2541 κως
1100 2481 1204 2554 τῆς
1235 2475 1559 2554 οἰκουμένης
1587 2473 1660 2534 τὰ
1687 2473 1981 2534 κάλλιστα

371 2562 595 2641 ἔλαχον,
649 2564 895 2641 κατάπερ
947 2565 985 2643 ἦ
1036 2565 1251 2630 Ἕλλας
1301 2564 1402 2628 τοὶς
1455 2562 1600 2640 ὥρας
1650 2561 1876 2622 πολλόν
1918 2587 1982 2622 τι

371 2648 656 2712 κάλλιστα
691 2653 1029 2750 κεκραμένας
1070 2654 1260 2732 ἔλαχε.
1327 2656 1496 2713 τοῦτο
1535 2653 1640 2728 μὲν
1679 2676 1792 2731 γαρ
1833 2648 1984 2726 πρός

369 2738 474 2814 τὴν
500 2740 568 2798 ἕω
596 2732 811 2820 ἐσχάτη
835 2745 946 2802 τῶν
966 2742 1291 2818 οἷκεομένων
1316 2740 1354 2816 ἦ
1380 2738 1584 2800 Ἰνδικί
1612 2743 1753 2808 ἐστι,
1781 2761 1982 2816 ωσπερ

370 2825 567 2907 ὀλίγον
609 2829 883 2907 πρότερον
929 2829 1140 2907 εἴρηκα·
1208 2834 1268 2889 ἐν
1312 2827 1506 2907 ταύτῃ,
1549 2830 1718 2887 τοῦτο
1759 2851 1864 2902 μεν
1903 2851 1986 2886 τα.

372 2913 597 2995 ἔμψυχα
626 2917 937 2997 τετράποδά
960 2943 1025 2978 τε
1060 2917 1153 2976 καὶ
1186 2916 1259 2978 τὰ
1292 2917 1507 2992 πετηνᾶ
1537 2917 1742 2993 πολλῷ
1765 2915 1914 2991 μέζω
1941 2912 1983 2993 ἢ

372 3005 433 3060 ἐν
466 3008 621 3064 τοῖσι
655 3005 891 3066 ἄλλοισι
928 3005 1192 3085 χωρίοισί
1229 3009 1368 3074 ἐστι,
1403 3003 1587 3081 πάρεξ
1618 3007 1731 3064 τῶν
1773 3002 1982 3062 ἵππων·

371 3087 547 3168 τούτῳ
578 3092 639 3150 δὲ
680 3096 979 3154 ἑσσοῦνται
1008 3092 1119 3152 im?
1153 3097 1264 3152 τῶν
1297 3093 1584 3168 Μηδικῶν,
1623 3091 1883 3152 Νισαίων
1921 3091 1987 3151 δε

372 3178 781 3252 καλευμένων,
756 3206 954 3241 ιππων·
992 3184 1161 3240 τοῦτο
1187 3181 1248 3239 δε
1271 3180 1485 3259 χρυσὸς
1512 3180 1756 3244 απλετος
1781 3177 1988 3240 αὐτόθι

372 3258 513 3328 ἐστὶ,
546 3286 577 3320 ο
611 3265 781 3338 μέν’
750 3264 1149 3342 ορυσσόμενος,
1187 3265 1219 3327 ὅ
1254 3267 1315 3326 δὲ
1347 3266 1837 3348 καταφορεύμενος
1865 3265 1988 3328 ὖπό
