2250 3500
349 113 572 178 41-43]
1009 113 1337 164 marna.
1861 116 1953 166 129

466 197 619 250 Οσοι
642 192 748 267 μὶν
771 190 842 266 δή
871 190 1010 256 mae
1039 191 1325 268 Θηβαιέος
1362 191 1605 270 ἵδρυνται
1636 191 1775 270 ἶρὸν,
1800 189 1841 270 ἢ
1866 217 1951 254 νο-
1969 195 2047 254 42

347 281 462 356 μοῦ
500 281 604 338 τοῦ
642 280 902 355 Θηβαίου
943 279 1071 349 εἶσὶ,
1107 275 1265 340 οὗτοι
1302 279 1408 358 μέν
1446 305 1545 341 νυν
1582 280 1785 344 πάντες
1824 279 1954 342 ὀΐων

349 366 690 445 ἀπεχόμενοι
728 365 892 447 αἶγας
933 365 1151 427 θύουσι.
1233 367 1419 444 (oenoe
1456 367 1567 448 γάρ
1608 367 1677 444 δὴ
1719 367 1785 428 οῦ
1823 368 1953 434 τούς

349 453 552 518 αὐτοῦς
597 452 835 518 ἅπαντες
876 454 1080 532 ὁμοίως
1119 454 1419 536 Αἰγύπτιοι
1463 457 1755 532 σέβονται,
1798 456 1953 534 πλὴν

343 541 524 604 ’Ῑσιός
546 566 610 602 τε
630 542 724 601 καὶ
742 540 1011 620 Ὀσίριος,
1025 542 1127 604 τόν
1146 542 1215 618 δή
1238 543 1517 604 Διόνυσον
1536 543 1677 602 εἶναι
1694 545 1951 624 λέγουσι·

349 627 580 694 τούτους
606 629 666 690 δὲ
698 628 900 707 ὁμοίως
929 627 1171 694 ἅπαντες
1206 631 1525 710 σέβονται.)
1594 628 1725 690 ὅσοι
1760 631 1820 690 δὲ
1853 635 1955 694 τοῦ

351 718 644 794 Μένδητος
665 718 916 794 ἔκτηνται
937 716 1075 796 ἶρὸν,
1093 716 1133 795 ἢ
1154 723 1327 797 νομοῦ
1346 721 1447 779 τοῦ
1476 717 1799 794 Μενδησίου
1820 720 1949 791 εἶσὶ,

353 802 508 865 οὗτοι
533 806 594 865 δὲ
621 809 794 886 αῖγῶν
817 803 1157 884 ἀπεχόμενοι
1182 805 1265 870 ὅῖς
1292 805 1511 868 θύουσι.
1572 807 1822 882 Θηβαῖοι
1845 808 1951 883 μέν

353 919 466 964 νυν,
495 895 588 954 καὶ
621 892 752 954 ὅσοι
787 893 880 954 &a
913 891 1143 958 τούτους
1176 892 1307 957 ὀΐων
1340 895 1663 974 ἀπέχονται,
1696 893 1791 954 &a
1818 894 1953 956 τάδε

353 982 592 1062 λέγουσι
629 981 730 1042 τᾶν
764 979 937 1058 νόμον
974 981 1137 1042 τόνδε
1176 989 1289 1060 σφι
1327 984 1573 1059 τεθῆναι·
1614 993 1649 1020 “
1665 982 1955 1061 Ἡρακλέα

355 1069 600 1145 θελῆσαι
623 1067 842 1132 πάντως
867 1069 1084 1130 ἰδέσθαι
1107 1070 1207 1132 τόν
1227 1071 1355 1141 Δία,
1378 1072 1471 1130 καὶ
1489 1070 1589 1133 τόν
1610 1070 1713 1132 οῦκ
1738 1072 1953 1133 ἐθέλειν

355 1155 605 1234 ὀφθῆναι
632 1156 726 1217 ὕπ’
752 1155 942 1218 αὐτοῦ·
981 1159 1147 1223 τέλος
1182 1158 1259 1229 δέ,
1292 1159 1417 1219 ἐπεί
1446 1184 1511 1219 τε
1538 1160 1824 1237 λιπαρέειν
1852 1158 1955 1222 τόν

352 1243 660 1323 Ἡρακλέα,
687 1245 788 1307 τᾶν
813 1245 926 1306 Δία
953 1245 1401 1325 μηχανήσασθαι
1432 1246 1589 1324 κριόν
1615 1247 1949 1325 ἐκδείραντα,

355 1333 706 1412 προέχεσθαί
734 1357 798 1393 τε
831 1332 936 1408 τήν
969 1333 1231 1409 κεφαλήν
1266 1332 1631 1410 ἀποταμόντα
1664 1338 1764 1393 τοῦ
1798 1339 1955 1410 κριοῦ

357 1421 450 1480 καὶ
476 1420 704 1482 ἐνδύντα
727 1421 792 1482 ⁴r6
819 1421 984 1484 νάκος
1004 1419 1149 1482 οὕτω
1174 1420 1231 1480 οἳ
1255 1420 1455 1482 ἐωυτόν
1474 1420 1772 1491 ἐπιδέξαι.”
1839 1421 1953 1483 ἀπό

356 1508 556 1569 τούτου
608 1509 1035 1587 κριοπρόσωπον
1077 1512 1181 1569 τοῦ
1228 1508 1367 1572 Aeas-
1411 1507 1686 1590 τῶγαλμα
1732 1512 1958 1570 ποιεῦσι

355 1596 672 1677 Αἰγύπτιοι·
711 1596 826 1657 uta-6
861 1597 922 1657 δὲ
955 1597 1272 1677 Αἰγυπτίων
1301 1595 1624 1674 Ἀμμώνιοι,
1652 1596 1831 1660 ἐόντες
1857 1601 1951 1658 Αἷ-

355 1686 600 1765 γυπτίων
625 1710 688 1745 τε
714 1685 806 1744 καὶ
832 1684 1178 1746 Αἰθιόπων”
1141 1710 1381 1757 αποικοι,
1410 1686 1503 1746 καὶ
1529 1685 1721 1764 φωνὴν
1744 1686 1955 1763 μεταξῦ

357 1771 692 1852 ἀμφοτέρων
715 1774 1044 1849 νομίζοντες·
1077 1774 1287 1835 δοκέειν
1302 1774 1396 1835 δ”
1370 1776 1512 1853 εμοὶ,
1533 1775 1625 1836 καὶ
1648 1775 1715 1835 τὰ
1742 1775 1955 1854 οὕνομα

358 1858 661 1968 Ἀμμώνιοι
693 1861 807 1921 ἀπό
837 1862 1002 1923 τοῦδέ
1036 1868 1151 1939 σφι
1180 1862 1284 1938 τήν
1310 1864 1620 1941 ἐπωνυμίην
1656 1862 1955 1939 ἐποιήσαν-

359 1974 443 2011 το·
482 1948 693 2028 Ἀμοῦν
723 1974 835 2056 γαρ
863 1948 1159 2030 Αἰγύπτιοι
1200 1950 1468 2010 καλέουσι
1494 1950 1595 2011 τὸν
1629 1951 1759 2010 Δία.
1827 1976 1957 2015 τους

358 2038 420 2097 δὲ
460 2062 644 2115 κριους
689 2036 754 2098 οὗ
801 2036 1001 2098 θύουσι
1047 2038 1313 2113 Θηβαῖοι,
1356 2036 1487 2095 ἀλλ’
1530 2038 1647 2096 εἶσί
1682 2042 1797 2111 σφι
1844 2038 1953 2113 ιροὶ

359 2124 450 2185 διά
488 2129 674 2185 τοῦτο·
713 2128 817 2203 μιῇ
847 2124 908 2183 δὲ
941 2123 1124 2202 ἡμέρῃ
1156 2126 1257 2184 τοῦ
1292 2125 1557 2193 ἐνιαυτοῦ,
1587 2127 1645 2183 ἐν
1680 2121 1819 2201 ὁρτῇ
1855 2128 1957 2183 τοῦ

360 2211 514 2283 Διος,
570 2212 725 2291 κριόν
786 2212 884 2272 ἕνα
941 2209 1352 2289 κατακόψαντες
1414 2209 1507 2269 καὶ
1570 2208 1958 2287 ἀποδείραντες

360 2300 502 2361 κατά
536 2298 712 2361 τῶυτὸ
738 2298 990 2360 ἐνδύουσι
1013 2296 1289 2379 τῶγαλμα
1317 2300 1418 2358 τοῦ
1454 2296 1608 2369 Διὸς,
1639 2298 1731 2357 καὶ
1769 2298 1957 2359 ἔπειτα

359 2387 510 2448 ἄλλο
555 2386 788 2468 ἄγαλμα
831 2387 1143 2466 Ἡρακλέος
1192 2411 1553 2467 προσαγουσι
1604 2385 1746 2463 πρὸς
1796 2385 1953 2449 αὐτό·

358 2481 535 2537 ταῦτα
586 2476 646 2535 δὲ
696 2473 1046 2551 ποιήσαντες,
1091 2474 1393 2535 τύπτονται
1438 2478 1493 2535 οἱ
1538 2474 1667 2553 περὶ
1717 2473 1785 2564 τᾷ
1835 2475 1955 2555 ἷρόν

360 2563 598 2628 ἅπαντες
622 2562 722 2625 τᾶν
748 2562 919 2641 κριόν,
947 2587 1040 2622 και
1071 2563 1319 2623 ἐπειτα’
1291 2588 1351 2623 εν
1383 2564 1474 2643 ἱρῇ
1503 2562 1647 2643 θήκῃ
1674 2564 1957 2624 θάπτουσι

360 2652 548 2714 αυτόν.

437 2741 750 2820 Ἡρακλέος
785 2741 846 2801 δὲ
884 2740 1013 2820 πέρι
1049 2740 1209 2802 τόνδε
1246 2739 1347 2802 τόν
1384 2739 1561 2821 λόγον
1600 2736 1834 2816 ἤκουσα,
1866 2736 1954 2799 ὅτι
1972 2738 2050 2797 43

359 2830 445 2906 εἴη
469 2833 581 2891 τῶν
607 2828 846 2889 δυώδεκα
873 2830 1030 2889 θεῶν·
1060 2833 1164 2889 τοῦ
1190 2828 1377 2905 ἐτέρου
1402 2827 1463 2886 δὲ
1488 2826 1617 2904 πέρι
1641 2825 1955 2901 Ἡρακλέος

357 2917 459 2979 τᾶν
494 2918 773 2994 Ἕλληνες
813 2918 1017 2986 οἴδασι,
1061 2916 1279 2995 οὐδαμῇ
1320 2913 1607 2994 Αἰγύπτου
1648 2910 1956 2988 ἐδυνάσθην

357 3003 619 3067 ἀκοῦσαι·
661 3006 753 3065 καὶ
790 3031 906 3083 μην
937 3003 1023 3064 ὅτι
1059 3030 1129 3085 γε
1162 3030 1226 3063 ου
1257 3002 1387 3080 παρ’
1418 3000 1709 3078 Ἑλλήνων
1741 3000 1955 3076 ἔλαβον

357 3094 425 3155 τό
453 3119 664 3173 ουνομα
694 3097 794 3153 τοῦ
818 3092 1133 3169 Ἡρακλέος
1157 3088 1468 3171 Αιγῦπτιοι,
1496 3088 1649 3147 ἀλλά
1679 3086 1959 3160 Ἕλληνες

358 3186 586 3261 μαλλον
609 3208 726 3260 παρ
724 3180 1090 3289 Ἀἲγυπτίων,
1111 3179 1204 3239 καὶ
1221 3174 1514 3251 Ἑλλήνων
1534 3172 1689 3235 οὗτοι
1715 3176 1769 3235 οἱ
1796 3174 1955 3251 θέμε-

357 3297 446 3333 νοι
469 3273 548 3397 τίοίἳ
570 3267 992 3347 Ἀμφιτρύωνος
1009 3265 1157 3348 γόνῳ
1173 3262 1419 3338 τοῦνομα
1436 3261 1740 3338 Ἡρακλέα,
1762 3259 1959 3321 πολλά
