2250 3500
332 92 619 157 173.—1¹79]
926 93 1383 142 ΜΒΔΠΟΜΕΝΗ.
1842 94 1934 144 351

329 175 487 234 ἔνθεν
511 174 785 250 κείροντες
804 177 865 233 ἐν
887 173 1037 252 χροΐ·
1081 178 1138 236 ε’ς
1163 173 1224 232 δὲ
1248 171 1348 234 τόν
1371 172 1626 250 πόλεμον
1651 174 1933 251 στρουθῶν

326 261 643 343 καταγαίων
662 260 827 338 δορᾶς
848 261 1123 337 φορέουσι
1138 259 1546 338 προβλήματα.
1579 261 1670 320 διὰ
1687 261 1745 320 δὲ
1760 261 1941 324 αὐτῶν

326 351 519 428 Κίνυψ
546 347 801 426 ποταμός
824 349 963 425 ῥέων
991 354 1051 409 ἐκ
1078 348 1270 424 λόφου
1297 351 1637 429 καλευμένου
1665 351 1937 428 Χαρίτων,

325 443 383 503 ἐς
424 438 731 498 θάλασσαν
772 437 993 497 ἐκδιδοῖ·
1036 437 1067 498 ὁ
1101 438 1162 496 δὲ
1192 435 1379 513 λόφος
1414 435 1576 500 οὗτος
1612 437 1645 496 ὁ
1682 440 1940 514 Χαρίτων

325 525 503 589 Bao-133
541 526 566 584 ἵ
675 524 696 584 ί
737 528 879 595 ἐστι,
917 523 1120 601 ἐοίσης
1159 528 1260 600 τῆς
1299 523 1483 601 ἄλλης
1521 528 1622 600 τῆς
1661 550 1939 601 προκατα-

324 614 631 692 λεχθείσης
648 611 871 689 Λιβῦης
891 616 1084 691 ψιλῆς·
1127 611 1241 672 α’πὸ
1271 611 1574 689 θαλάσσης
1599 613 1660 672 δὲ
1689 619 1745 676 ἐς
1769 613 1938 674 αὐτᾶν

322 701 548 760 στάδιοι
574 699 857 776 διηκόσιοί
869 703 1001 760 εἶσι.
1068 699 1310 761 Μακέων
1331 701 1391 759 δὲ
1409 700 1618 762 τούτων
1639 700 1895 780 ἐχόμενοι
1915 701 2032 766 176

324 788 585 852 Γίνδανές
612 791 741 848 εἶσι·
782 792 893 849 τῶν
913 791 972 848 αἱ
994 791 1253 871 γυναῖκες
1275 789 1625 866 περισφύρια
1651 788 1938 865 δερμάτων

324 876 518 936 πολλὰ
556 876 767 953 ἑκάστη
805 877 1017 953 φορέει·
1060 875 1202 936 καταῖ
1237 875 1454 940 τοιόνδε
1487 903 1558 948 τι,
1589 875 1661 940 ὥς
1687 878 1932 958 λέγεται·

325 963 445 1023 κατ’
466 963 641 1042 ἄνδρα
663 965 903 1024 ἕκαστον
919 965 1194 1043 μιχθέντα
1212 963 1586 1042 περισφύριον
1605 965 1934 1043 περιδέεται·

322 1050 365 1127 ἥ
388 1050 437 1110 δ’
462 1050 531 1112 ἂν
555 1055 802 1112 πλεῖστα
838 1052 955 1131 ἔχῃ,
984 1051 1125 1128 αὕτη
1155 1051 1364 1129 άρίστη
1397 1053 1650 1114 δέδοκται
1687 1053 1826 1114 εἶναι
1863 1053 1934 1118 ὦς

322 1138 435 1200 ὖπὸ
460 1140 746 1201 πλείστων
776 1137 989 1216 ἀνδρῶν
1027 1141 1362 1215 φιληθεῖσα.
1436 1140 1644 1218 Ἀκτὴν
1670 1141 1730 1201 δὲ
1754 1169 1888 1220 προ-
1913 1144 2026 1204 177

325 1229 571 1307 έχουσαν
590 1233 647 1292 ἐς
664 1226 763 1288 τᾶν
782 1227 992 1288 πόντον
1008 1227 1219 1288 τούτων
1235 1232 1346 1288 τῶν
1370 1229 1648 1290 Γινδάνων
1673 1232 1934 1306 νέμονται

321 1315 687 1397 Λωτοφάγοι·
727 1315 783 1376 οἳ
806 1314 909 1375 τᾶν
941 1314 1156 1392 καρπόν
1188 1309 1398 1392 μοῧνον
1435 1321 1539 1377 τοῦ
1575 1321 1758 1376 λωτοῦ
1793 1319 1930 1395 τρώ-

321 1428 517 1484 γοντες
542 1403 765 1476 ζώουσι·
806 1402 841 1463 ὅ
867 1402 927 1462 δὲ
952 1406 1053 1464 τοῦ
1079 1406 1267 1464 λωτοῦ
1294 1404 1506 1483 καρπός
1532 1409 1658 1465 ε’στι
1683 1405 1929 1485 μέγαθος

322 1490 467 1551 ὅσον
499 1517 564 1552 τε
594 1495 697 1569 τῆς
724 1491 945 1570 σχίνου·
985 1489 1308 1572 γλυκύτητα.
1333 1492 1411 1564 δὲ,
1437 1497 1538 1552 τοῦ
1566 1492 1818 1567 φοίνικος
1853 1498 1932 1573 τῷ

324 1582 518 1658 καρπῷ
559 1577 949 1656 προσείκελος·
1008 1582 1296 1639 ποιεῦνται
1342 1581 1402 1640 δὲ
1449 1585 1512 1641 ἐκ
1557 1582 1659 1640 τοῦ
1714 1585 1930 1658 καρποῦ

320 1665 525 1727 τούτου
552 1670 607 1727 οἱ
631 1665 975 1748 Λωτοφάγοι
1002 1666 1095 1727 καὶ
1120 1666 1290 1728 οἶνον.

403 1754 769 1837 Λωτοφάγων
792 1755 853 1815 δὲ
876 1755 943 1817 τὰ
968 1754 1123 1833 παρὰ
1151 1755 1456 1817 θάλασσαν
1477 1758 1698 1837 ἔχονται
1717 1754 1884 1838 Μάχ-
1907 1761 2025 1822 178

320 1846 471 1913 λυες,
497 1847 575 1923 τῷ
597 1847 759 1923 λωτῷ
783 1845 887 1920 μὲν
912 1844 1005 1903 καὶ
1032 1842 1188 1905 οὗτοι
1221 1845 1542 1925 χρεώμενοι,
1569 1844 1712 1923 οἷτσῖρ
1737 1844 1928 1922 ἧσσόν

320 1944 391 2011 γε
414 1934 527 1991 τῶν
558 1931 832 2009 πρότερον
866 1932 1201 2011 λεχθέντων.
1285 1932 1594 2006 κατήκουσι
1619 1934 1680 1993 δὲ
1708 1934 1802 1992 ἐπὶ
1826 1960 1928 1991 πο-

321 2017 505 2094 ταμὸν
548 2019 745 2099 μέγαν,
783 2022 863 2098 τῷ
910 2018 1123 2095 οὕνομα
1164 2017 1376 2095 Τρίτων
1416 2020 1560 2079 ε’στί·
1619 2020 1825 2079 ἐκδιδοῖ
1868 2020 1928 2079 δὲ

323 2102 490 2169 οὗτος
531 2111 587 2170 ἐς
632 2107 841 2183 λίμνην
882 2106 1142 2187 μεγάλην
1194 2105 1513 2183 Τριτωνίδα·
1576 2110 1634 2166 ἐν
1679 2106 1738 2165 δὲ
1787 2105 1928 2186 affl

321 2196 499 2268 νῆσος
524 2195 619 2264 ἔνι,
645 2197 718 2273 τῇ
746 2193 957 2271 οὕνομα
983 2192 1130 2253 Φλά·
1167 2191 1376 2269 ταύτην
1401 2193 1462 2253 δὲ
1485 2193 1590 2270 τήν
1617 2197 1792 2271 νῆσον
1811 2201 1924 2254 Λα·-

323 2280 733 2357 κεδαιμονίοισί
751 2288 901 2357 φασι
925 2281 1125 2363 λόγιον
1150 2281 1290 2341 εἶναι
1317 2282 1524 2341 κτίσαι.

396 2366 567 2428 Ἔστι
593 2369 653 2428 δὲ
679 2369 772 2427 καὶ
798 2368 891 2429 ὅδε
918 2367 1093 2449 λόγος
1118 2367 1441 2449 λεγόμενος·
1482 2368 1729 2445 Ἰήσονα,
1755 2369 1882 2431 ἐπεί
1905 2371 2020 2432 179

320 2481 386 2516 τε
412 2458 467 2516 οἱ
493 2454 807 2537 ἐξεργάσθη
842 2455 953 2516 ὑπὸ
988 2460 1065 2535 τῷ
1100 2458 1304 2537 Πηλίῳ
1329 2456 1368 2533 ἤ
1393 2455 1596 2538 Ἀργώ,
1626 2459 1928 2536 ἐσθέμενον

322 2546 381 2606 ἐς
419 2543 593 2620 αὐτὴν
630 2543 816 2620 ἄλλην
853 2569 918 2604 τε
957 2544 1280 2622 ἑκατόμβην
1321 2546 1416 2604 καὶ
1454 2545 1522 2621 δὴ
1564 2547 1657 2604 καὶ
1691 2546 1930 2622 τρίποδα

319 2630 585 2709 χάλκεον,
621 2630 957 2708 περιπλώειν
992 2632 1438 2709 Πελοπόννησον
1476 2631 1832 2709 βουλόμενον
1873 2637 1929 2695 ἐς

323 2717 593 2794 Δελφοῦς
628 2716 951 2779 ἀπικέσθαι·
992 2720 1090 2779 καί
1119 2746 1234 2796 μιν,
1277 2719 1348 2782 ὥς
1385 2720 1632 2779 πλέοντα
1663 2719 1930 2799 γενέσθαι

323 2805 467 2866 κατὰ
506 2805 763 2883 Μαλέην,
804 2804 1122 2883 ὖπολαβεῖν
1169 2806 1374 2883 ἄνεμον
1419 2809 1606 2884 βορῆν
1653 2807 1746 2865 καὶ
1789 2805 1928 2865 οἷπο-

323 2894 517 2972 φέρειν
541 2893 684 2972 πρός
707 2894 813 2970 τὴν
836 2893 1082 2970 Λιβύην·
1122 2894 1257 2971 πρὶν
1281 2894 1342 2952 δὲ
1369 2894 1694 2954 κατιδέσθαι
1718 2897 1842 2974 γῆν,
1871 2897 1930 2953 ἐν

320 2985 477 3041 τοῖσι
503 2982 755 3062 βράχεσι
788 2982 1057 3063 γενέσθαι
1090 2982 1296 3058 λίμνης
1319 2984 1421 3057 τῆς
1444 2981 1792 3059 Τριτωνίδος·
1835 2983 1934 3041 καί

324 3072 381 3130 οἱ
408 3069 707 3149 ἀπορέοντι
735 3070 841 3147 την
874 3069 1162 3153 ἐξαγωγὴν
1192 3069 1365 3151 λόγος
1382 3069 1508 3131 ἐστὶ
1533 3073 1778 3145 φανῆναι
1801 3070 1928 3146 Τρί-

322 3180 489 3230 rama,
532 3157 627 3219 καὶ
672 3156 919 3219 κελεύειν
956 3158 1056 3219 τόν
1080 3156 1330 3236 Ἰήσονα
1378 3160 1554 3237 ἑωυτῷ
1596 3156 1786 3218 δοῦναι
1828 3156 1931 3219 τόν

324 3244 585 3323 τρίποδα·
642 3243 897 3323 φάμενόν
935 3252 1049 3322 σφι
1091 3246 1184 3306 καὶ
1235 3247 1336 3308 τόν
1374 3245 1552 3325 πόρον
1599 3245 1789 3315 δέξειν,
1837 3246 1930 3305 καὶ
