2250 3500
330 95 423 141 356
942 90 1307 140 ἮΡοΔοτοα·
1807 88 1936 152 [IV.

328 171 531 250 χρόνον
564 171 867 248 καταρρέον
898 171 1133 249 φλέγμα
1171 173 1231 227 ἔκ
1265 171 1367 244 τῆς
1393 170 1651 244 κεφαλῆς
1674 167 1940 244 δηλῆται.

328 259 421 317 καὶ
448 257 539 317 δια
562 257 731 318 τοῦτό
756 264 943 334 σφεας
961 257 1200 337 λέγουσι
1221 255 1360 315 εἶναι
1377 255 1796 336 ὖγιηροτάτους·
1827 259 1943 342 εἰσὶ

324 373 437 428 γαρ
472 345 542 410 ὥς
574 345 824 420 ἀληθέως
860 348 915 404 οἱ
945 346 1157 420 Λίβυες
1192 341 1497 420 ανθρώπων
1527 342 1750 404 πάντων
1782 344 1940 426 ὑγιη-

326 433 573 510 ρότατοι,
600 437 711 493 τῶν
736 433 895 510 ἤμεῖς
931 432 1105 509 ἴδμεν·
1149 435 1198 491 εἰ
1221 433 1328 509 μὲν
1353 430 1446 490 δια
1479 435 1668 500 τοῦτο,
1699 428 1800 490 οὐκ
1829 433 1943 510 ἔχω

328 520 597 599 α’,τρεκέως
624 521 851 591 εἶπαι,
817 520 1173 602 υγιηρότατοι
1199 519 1247 580 δ’
1275 518 1350 579 ὧν
1376 518 1506 578 εἰσί·
1538 516 1609 594 ἢν
1628 519 1690 578 δὲ
1715 520 1942 580 καίουσι

328 610 401 670 τοὶ
432 611 628 670 παιδία
667 607 940 686 σπασμὸς
968 609 1301 690 ἐπιγένηται,
1331 605 1621 684 ἐξεύρηταί
1643 613 1758 682 σφι
1783 606 1939 672 ἄκος·

327 696 541 779 τράγου
574 696 740 776 οὖρον
770 698 1105 759 σπείσαντες
1131 695 1361 772 ῥύονταί
1382 701 1560 770 σφεα·
1601 696 1752 775 λέγω
1781 695 1840 756 δὲ
1865 695 1941 758 τοῖ

240 789 353 846 188
369 789 607 868 λέγουσι
632 786 792 847 αὐτοὶ
814 786 1045 861 Λίβυες.
1106 784 1312 844 Θυσίαι
1337 783 1398 842 δὲ
1421 787 1576 844 τοῖσι
1602 783 1811 860 νομάσι
1827 787 1940 844 εἰσὶ

330 875 471 935 αἵδε·
512 875 679 937 ἔπεαῖν
703 880 805 936 τοῦ
836 873 976 938 ὦτός
1006 871 1358 951 ἀπάρξωνται
1387 875 1493 932 τοῦ
1533 872 1774 948 κτήνεος,
1811 875 1940 949 ῥιπ-

327 964 521 1022 τέουσι
564 963 705 1041 ὑπὲρ
750 963 851 1023 τὸν
892 962 1084 1039 δόμον·
1133 964 1302 1021 τοῦτο
1329 961 1390 1020 δὲ
1414 961 1769 1036 ποιήσαντες,
1797 961 1940 1022 αἶπο-

330 1052 647 1127 στρέφουσι
685 1050 786 1110 τᾶν
820 1049 1031 1128 αὐχένα
1068 1049 1260 1108 αὐτοῦ.
1329 1047 1530 1108 θύουσι
1569 1049 1628 1106 δὲ
1663 1048 1806 1128 ἡλίῳ
1845 1051 1940 1110 καὶ

332 1137 546 1218 σελήνῃ
575 1137 856 1215 μούνοισι.
919 1135 1175 1204 τούτοισι
1210 1136 1314 1213 μέν
1349 1162 1446 1196 νυν
1479 1135 1682 1199 πάντες
1721 1138 1942 1213 Λίβυες

332 1223 549 1286 θύουσι·
589 1225 731 1304 ιῖταῖρ
760 1229 813 1286 οἱ
838 1225 967 1303 περὶ
991 1223 1096 1301 τήν
1120 1224 1424 1301 Τριτωνίδα
1449 1224 1656 1301 λίμνην
1679 1225 1941 1301 νέμοντες

332 1318 403 1392 τῇ
440 1313 711 1394 Ἀθηναίῃ
742 1313 1017 1392 μάλιστα,
1053 1311 1198 1389 μετοὶ
1231 1312 1307 1381 δὲ,
1342 1315 1422 1390 τῷ
1461 1313 1694 1388 Τρίτωνι
1731 1315 1826 1372 καὶ
1861 1320 1941 1394 τῷ

242 1405 355 1462 189
375 1403 733 1464 Ποσειδέωνι.
800 1402 918 1478 Την
957 1402 1017 1461 δὲ
1057 1425 1168 1478 αρα
1197 1399 1414 1474 ἐσθῆτα
1446 1400 1540 1458 καὶ
1578 1399 1680 1463 τοὶς
1717 1397 1942 1482 αἰγίδας

332 1494 442 1551 τῶν
479 1490 819 1574 ἀγαλμάτων
857 1492 958 1566 τῆς
995 1487 1295 1564 Ἀθηναίης
1339 1491 1398 1546 ἐκ
1439 1491 1551 1548 τῶν
1588 1490 1943 1571 Λιβυσσέων

334 1579 673 1655 ἐποιήσαντο
705 1581 758 1638 οἱ
778 1577 1077 1654 Ἕλληνες·
1118 1575 1272 1652 πλὴν
1295 1575 1407 1656 γὰρ
1438 1573 1477 1651 ἢ
1509 1573 1598 1636 ὅτι
1629 1577 1866 1654 σκυτίνη
1898 1605 1940 1656 η

332 1667 505 1741 ε’σθῆς
526 1671 637 1726 τῶν
660 1665 1057 1742 Λιβυσσέων’
1032 1663 1172 1735 εστί,
1195 1663 1288 1722 καὶ
1315 1666 1369 1723 οἱ
1396 1662 1634 1724 θύσανοι
1657 1689 1712 1722 οι
1739 1669 1801 1723 ἐκ
1826 1692 1942 1728 των

330 1754 555 1833 αἰγίδων
590 1754 795 1831 αὐτῇσι
836 1750 936 1811 οὐκ
976 1750 1138 1828 ὅφιές
1159 1756 1299 1823 εἶσι,
1331 1750 1486 1811 ἀλλὰ
1523 1751 1821 1829 ἱμάντινοι·
1861 1755 1940 1815 τοὶ

330 1840 391 1899 δὲ
424 1839 578 1900 ἄλλα
608 1840 791 1901 πάντα
819 1838 961 1900 κατοὶ
985 1838 1164 1900 τῶυτὸ
1197 1841 1487 1902 ἔσταλται·
1530 1841 1624 1899 καὶ
1650 1839 1719 1917 δὴ
1748 1844 1843 1902 καὶ
1866 1844 1939 1905 τὰ

338 1926 547 2006 οὔνομα
569 1930 907 2009 κατηγορέει,
936 1926 1023 1989 ὅτι
1060 1932 1121 1987 ἐκ
1151 1927 1374 2005 Λιβύης
1397 1928 1522 2005 ἥκει
1544 1928 1582 2004 ἦ
1608 1930 1798 2007 στολὴ
1823 1936 1938 1993 τῶν

332 2018 691 2077 Παλλαδίων·
734 2018 923 2099 αἰγέας
956 2016 1067 2097 γὰρ
1107 2016 1557 2097 περιβάλλονται
1597 2018 1774 2096 ψιλὰς
1805 2022 1938 2098 περὶ

326 2105 433 2181 τήν
486 2108 699 2182 ἐσθῆτα
751 2104 1071 2167 θυσανωτὰς
1123 2107 1183 2163 αἱ
1233 2104 1551 2180 Λίβυσσαι,
1607 2108 1938 2185 κεχριμένας

332 2193 679 2273 ἐρευθεδάνῳ·
734 2197 794 2253 ἐκ
842 2194 902 2253 δὲ
947 2196 1057 2253 τῶν
1097 2192 1296 2271 αἰγέων
1339 2193 1576 2253 τουτέων
1622 2194 1840 2275 αἰγίδας
1881 2199 1936 2257 οἷ

320 2280 601 2357 Ἕλληνες
624 2280 1049 2359 μετωνόμασαν·
1092 2279 1270 2339 δοκέει
1295 2278 1340 2339 δ’
1368 2280 1498 2357 ἐμοί
1523 2307 1591 2362 γε
1619 2283 1710 2341 καὶ
1736 2282 1776 2358 ἦ
1801 2281 1936 2344 ’ὄλο-

330 2368 477 2449 λυγῆ
506 2373 563 2427 ἐν
591 2372 765 2446 ἱροῖσι
792 2370 1029 2429 ἐνθαῦτα
1054 2372 1277 2446 πρῶτον
1301 2369 1584 2449 γενέσθαι·
1618 2369 1797 2447 κάρτα
1821 2371 1934 2453 γὰρ

328 2455 502 2535 ταύτῃ
542 2456 813 2535 χρέωνται
848 2460 907 2516 αἱ
942 2458 1259 2533 Λίβυσσαι,
1289 2458 1382 2516 καὶ
1416 2457 1687 2536 χρέωνται
1728 2463 1933 2525 καλῶς.

330 2544 421 2603 καὶ
452 2545 730 2622 τέσσερας
772 2544 976 2608 ἵππους
1012 2544 1378 2627 συζευγνύναι
1413 2545 1568 2622 παραὶ
1607 2546 1844 2622 Λιβύων
1881 2552 1935 2608 οἱ

238 2633 639 2709 190’Έλληνες
668 2632 1051 2711 μεμαθήκασι.
1122 2634 1416 2694 &dm-oven
1443 2634 1502 2692 δὲ
1528 2633 1658 2697 τούς
1689 2632 1935 2713 αἶποθνή-

328 2718 566 2786 σκοντας
586 2725 641 2783 οἱ
660 2721 893 2800 νομάδες
914 2721 1158 2800 κατάπερ
1183 2726 1236 2781 οἱ
1250 2722 1548 2798 Ἕλληνες,
1564 2722 1718 2797 πλὴν
1734 2729 1936 2783 Νασα-

326 2809 539 2884 μώνων·
590 2809 746 2871 οὗτοι
779 2811 838 2870 δὲ
880 2812 1220 2888 κατημένους
1259 2808 1556 2880 θάπτουσι,
1601 2810 1937 2886 φυλάσσον-

327 2922 431 2966 τες,
476 2894 659 2957 ἐπεοὶν
684 2898 822 2977 αἶπίῃ
874 2897 979 2974 τήν
1030 2897 1234 2977 ψυχὴν,
1283 2897 1422 2961 ὅκως
1471 2924 1569 2975 μιν
1616 2899 1936 2971 κατίσουσι,

326 2985 466 3056 μηδὲ
484 2984 677 3048 ὕπτιος
702 2985 1089 3047 ἀποθανέεται.
1153 2986 1430 3063 οἰκήματα.
1457 2987 1516 3045 δὲ
1542 2986 1864 3098 σύμπηκτα
1877 2990 1941 3059 ἐξ

326 3067 621 3143 ἀνθερίκων
657 3074 953 3149 ἐνερμένων
982 3075 1111 3149 περὶ
1149 3075 1414 3153 σχοίνους
1445 3075 1585 3144 εστὶ,
1623 3074 1716 3133 καὶ
1757 3080 1938 3135 ταῦτα

325 3156 695 3229 περιφορητά·
739 3159 963 3236 νόμοισι
988 3164 1092 3237 μὲν
1117 3161 1428 3223 τοιούτοισι
1461 3161 1612 3222 οὗτοι
1639 3164 1936 3241 χρέωνται.

235 3234 335 3288 19]
453 3238 545 3296 Τὸ
560 3242 619 3297 δὲ
646 3268 785 3317 προς
816 3249 1053 3323 ἑσπέρης
1084 3252 1184 3309 τοῦ
1219 3252 1493 3327 Τριτωνος
1517 3255 1794 3328 ποταμοῦ,
1824 3252 1937 3311 Αὖ-
