2250 3500
298 143 552 210 97—100]
996 143 1227 196 nmo.
1836 147 1899 196 ει

297 223 492 285 ἄλλων
513 221 706 299 ἧσσον
729 224 1117 300 ἐπιμέλεσθαι·
1156 225 1495 304 πειθομένων
1518 225 1581 286 δὸ
1604 228 1698 286 καὶ
1720 228 1899 286 ταῦτα

296 315 408 372 τῶν
425 310 652 387 Μήδων,
673 311 980 388 οἰκοδομέει
999 313 1189 391 τείχεα
1206 311 1431 389 μεγάλα
1448 337 1513 374 τε
1531 313 1625 373 καὶ
1646 311 1901 390 καρτεροὶ,

297 403 476 460 ταῦτα
487 397 560 458 τοὶ
575 401 672 459 νῦν
689 397 1022 480 Ἀγβάτανα
1037 401 1319 476 κέκληται,
1336 401 1523 478 ἕτερον
1538 401 1704 481 ἑτέρω
1720 401 1905 482 κύκλῳ

300 490 624 547 ἐνεστεῶτα.
704 485 1096 565 μεμηχάνηται
1132 486 1194 546 δὲ
1230 486 1375 547 οὕτω
1402 492 1569 548 τοῦτο
1604 488 1673 550 τό
1701 491 1905 568 τεῖχος,

301 573 450 634 ὥστε
474 573 509 634 ὁ
542 576 726 650 ἔτερος
748 576 850 634 τοῦ
889 575 1078 651 ἐτέρου
1113 573 1319 638 κύκλος
1351 577 1505 651 τοῖσι
1538 581 1905 655 προμαχεῶσι

298 661 568 740 μούνοισί
604 665 730 722 ἐστι
767 659 1137 740 ὑψηλότερος.
1216 661 1285 722 τό
1327 663 1434 740 μέν
1474 687 1577 722 κου
1616 687 1673 724 τι
1716 665 1807 723 καὶ
1837 663 1907 726 τό

299 749 508 829 χωρίον
539 749 856 827 συμμαχέει
898 747 1147 814 κολωνός
1176 748 1269 810 έόν
1299 749 1447 811 ὥστε
1485 753 1709 810 τοιοῦτο
1752 750 1907 822 εἰναι,

301 836 370 896 τὸ
397 837 457 896 δὲ
483 837 576 896 καὶ
599 835 830 913 μᾶλλόν
852 861 912 896 τι
935 835 1291 913 ἐπετηδεύθη,
1318 837 1535 898 κύκλων
1568 837 1767 899 ἐόντων
1797 842 1909 898 τῶν

303 923 668 984 συναπάντων
699 923 858 984 ἑπτά·
900 927 960 984 ἐν
991 924 1054 984 δὲ
1083 928 1165 1002 τῷ
1191 925 1491 1008 τελευταίῳ
1522 925 1595 986 τά
1619 925 1907 1002 βασιλήῖα

305 1011 486 1072 ἔνεστι
513 1012 606 1070 καὶ
633 1014 688 1072 οἶ
713 1011 1009 1088 θησαυροί.
1087 1011 1159 1071 τὸ
1184 1011 1245 1072 δὲ
1276 1011 1455 1073 αὐτῶν
1485 1013 1757 1096 μέγιστόν
1781 1018 1905 1076 ἐστι

303 1102 488 1178 τεῖχος
532 1097 674 1159 κατὰ
712 1097 814 1158 τόν
854 1097 1133 1174 Ἀθηνέων
1176 1097 1384 1161 κύκλον
1426 1101 1683 1178 μάλιστά
1724 1127 1797 1178 κη
1836 1101 1905 1162 τό

302 1187 567 1268 μέγαθος.
623 1189 725 1246 τοῦ
749 1187 854 1263 μὲν
873 1185 942 1262 δή
967 1185 1191 1264 πρώτου
1208 1186 1417 1248 κύκλου
1436 1191 1493 1248 οἶ
1516 1189 1907 1269 προμαχεῶνές

305 1277 418 1334 εἰσι
431 1276 640 1335 λευκοί·
665 1277 766 1334 τοῦ
782 1274 842 1334 δὲ
857 1273 1115 1351 δευτέρου
1131 1273 1385 1352 μέλανες·
1412 1276 1601 1354 τρίτου
1621 1276 1681 1336 δὲ
1696 1275 1905 1336 κύκλου

305 1363 598 1437 φοινίκεοι·
646 1360 912 1438 τετάρτου
945 1361 1008 1422 δὲ
1039 1361 1275 1422 κυάνεοι·
1320 1362 1577 1439 πέμπτου
1609 1362 1670 1422 δὲ
1700 1364 1905 1424 σανδα-

303 1447 540 1524 ράκινοι.
623 1447 764 1508 οὕτω
791 1448 1014 1509 πάντων
1044 1450 1159 1509 τῶν
1188 1447 1403 1508 κύκλων
1430 1451 1484 1508 οἶ
1514 1455 1906 1529 προμαχεῶνες

303 1534 632 1613 ἠνθισμένοι
673 1536 786 1596 εἰσὶ
827 1535 1201 1614 φαρμάκοισι·
1256 1535 1359 1596 δύο
1400 1536 1459 1596 δὲ
1502 1539 1556 1595 οἱ
1597 1540 1905 1598 τελευταῖοι

306 1625 418 1684 εἰσὶ
442 1623 478 1684 ό
501 1626 605 1702 μὲν
630 1624 1153 1704 καταργυρωμένους
1179 1622 1213 1684 ό
1238 1622 1299 1684 δὲ
1318 1625 1907 1705 κατακεχρυσωμένους

306 1712 445 1792 ἔχων
467 1710 598 1775 τούς
622 1715 1044 1791 προμαχεῶνας.

385 1804 574 1861 Ταῦτα
599 1803 704 1878 μὲν
730 1799 800 1876 δή
825 1800 859 1861 ό
889 1799 1135 1877 Δηῐόκης
1154 1804 1331 1881 ἑωυτῷ
1353 1827 1417 1863 τε
1443 1803 1647 1883 ἐτείχεε
1668 1802 1761 1862 καὶ
1778 1802 1905 1880 περὶ
1922 1804 1999 1863 99

304 1887 378 1949 τὰ
403 1892 604 1949 ἑωυτοῦ
631 1889 796 1948 οἰκία·
835 1887 938 1949 τόν
971 1888 1034 1947 δὲ
1069 1887 1253 1951 ἄλλον
1286 1890 1466 1968 δῆμον
1495 1890 1660 1966 πέριξ
1686 1890 1907 1951 ἐκέλευε

304 1976 373 2037 τὸ
391 1980 577 2057 τεῖχος
597 1977 807 2037 οἰκέειν.
867 1976 1334 2054 οἰκοδομηθέντων
1354 1978 1415 2037 δὲ
1430 1977 1668 2047 πάντων,
1687 1976 1905 2053 κόσμον

305 2062 464 2124 τόνδε
494 2062 737 2140 Δηῖόκης
761 2063 979 2140 πρῶτός
1005 2068 1131 2123 ἐστι
1155 2063 1189 2124 ό
1216 2062 1728 2140 καταστησάμενος·
1763 2064 1907 2140 μήτε

307 2151 516 2211 ἐσιέναι
546 2151 702 2228 παρὰ
728 2151 984 2227 βασιλέα
1006 2150 1220 2227 μηδένα
1249 2150 1319 2209 δι’
1347 2150 1603 2231 ἀγγέλων
1628 2150 1689 2208 δὲ
1722 2148 1906 2209 πάντα

304 2239 592 2319 χρέεσθαι,
619 2239 867 2316 ὁρᾶσθαί
886 2264 950 2299 τε
973 2238 1229 2316 βασιλέα
1250 2237 1362 2298 find
1387 2236 1639 2316 μηδενός·
1680 2236 1821 2313 πρός
1844 2263 1909 2298 τε

305 2326 560 2387 τούτοισι
598 2326 695 2398 ἔτι,
719 2330 898 2408 γελᾶν
933 2352 998 2388 τε
1038 2327 1133 2386 καὶ
1160 2325 1352 2388 πτύειν
1381 2325 1570 2387 ἀντίον
1599 2327 1693 2386 καὶ
1725 2325 1909 2387 ἅπασι

309 2413 449 2475 εἶναι
471 2414 640 2475 τοῦτό
660 2440 729 2496 γε
755 2414 1012 2493 αἰσχρόν.
1076 2418 1255 2476 ταῦτα
1278 2414 1339 2475 δὲ
1362 2415 1493 2493 περὶ
1520 2414 1717 2475 ἑωυτόν
1742 2415 1907 2492 ἐσέμ-

307 2526 433 2562 νυνε
465 2502 638 2562 τῶνδε
675 2502 893 2571 εἵνεκεν,
921 2502 1060 2566 ὅκως
1085 2499 1155 2564 ἂν
1180 2505 1261 2579 μή
1288 2502 1521 2581 ὁρῶντες
1544 2506 1599 2563 οἱ
1624 2503 1905 2580 ὁμήλικες,

309 2588 490 2653 ἐόντες
513 2589 830 2667 σύντροφοί
860 2614 923 2649 τε
949 2591 1133 2669 ἐκείνῳ
1166 2591 1259 2649 καὶ
1290 2591 1467 2667 οἰκίης
1496 2590 1562 2650 ού
1598 2590 1905 2667 φλαυροτέ-

304 2700 424 2752 ρης,
452 2675 578 2738 οὐδὲ
613 2682 669 2741 ἐς
700 2676 1078 2758 ἀνδραγαθίην
1109 2677 1447 2755 λειπόμενοι,
1479 2678 1783 2737 λυπεοίατο
1814 2677 1907 2735 καὶ

307 2763 746 2839 ἐπιβουλεύοιεν,
796 2763 928 2823 ἀλλ’
976 2764 1214 2842 ἑτεροῖός
1259 2770 1375 2841 σφι
1423 2766 1604 2824 δοκέοι
1646 2764 1782 2822 εἶναι
1825 2762 1907 2838 μή

307 2849 504 2927 ὁρῶσι.
563 2851 728 2914 Ἐπεί
748 2876 812 2913 τε
837 2852 900 2913 δε
921 2856 1098 2911 ταῦτα
1123 2850 1465 2928 διεκόσμησε
1490 2853 1583 2909 καὶ
1608 2846 1867 2927 ἐκράτυνε
1887 2850 2005 2909 100

308 2938 510 2999 ἐωυτον
533 2942 606 3017 τῇ
629 2937 986 3016 τυραννίδι,’
949 2964 1022 3015 ην
1051 2964 1118 2999 το
1153 2939 1363 2999 δίκαιον
1397 2937 1730 3049 φυλάσσων
1740 2940 1915 3015 χαλεε

305 3026 432 3090 πός·
473 3027 566 3087 καὶ
604 3026 706 3089 τάς
741 3051 806 3087 τε
844 3027 1000 3090 δίκας
1029 3026 1345 3108 γράφοντες
1378 3027 1511 3085 εἴσω
1542 3024 1671 3101 παρ’
1705 3026 1909 3083 ἐκεῖνον

307 3115 802 3191 ἐσεπέμπεσκον,κ
771 3114 864 3173 καὶ
889 3116 1090 3177 ἐκεῖνος
1109 3113 1395 3190 διακρίνων
1412 3138 1512 3174 τας
1532 3110 1909 3187 ἐσφερομένας

307 3203 684 3278 ἐκπέμπεσκε.
763 3204 938 3260 ταῦτα
968 3203 1072 3277 μὲν
1101 3200 1245 3262 κατὰ
1274 3198 1375 3261 τσῖς
1416 3197 1569 3261 δίκας
1600 3197 1795 3256 ἐποίεε·
1835 3196 1909 3257 τὰ

306 3288 370 3349 δὲ
393 3288 464 3365 δὴ
489 3287 647 3347 ἄλλα
673 3286 1048 3363 ἐκεκοσμέατό
1075 3288 1149 3344 οἱ·
1177 3286 1229 3344 εἴ
1250 3309 1375 3344 τινα
1398 3283 1731 3345 πυνθάνοιτο
1748 3282 1911 3359 ὑβρί-
