2250 3500
326 108 427 159 224
937 100 1308 152 mrem-mm
1795 96 1928 163 [111

332 186 476 264 δρῶν
504 186 617 245 τῶν
642 181 875 261 πρῶτων
905 178 1318 260 Περίανδρος“
1285 207 1318 240 ο
1345 164 1674 259 Κυψέλου’
1645 204 1703 243 ες
1729 178 1935 255 Σάρδις

332 274 628 350 ἀπέπεμψε
666 271 821 348 παρὰ
843 270 1208 330 ’Mucium'
1181 268 1267 328 επ’
1295 273 1525 347 ἐκτομῇ·
1564 268 1935 348 προσχόντων

334 362 395 422 δὲ
418 366 474 425 ἐς
498 361 602 436 τὴν
621 359 816 438 Σάμον
828 364 941 420 τῶν
958 357 1206 440 ἀγόντων
1219 357 1350 421 τούς
1373 357 1576 421 παῖδας
1602 357 1933 435 Κορινθίων,

332 447 638 525 πυθόμενοι
677 450 733 506 οἱ
773 446 978 524 Σάμιοι
1011 444 1113 505 τόν
1150 444 1328 525 λόγον
1353 443 1438 503 ἐπ’
1466 444 1586 504 οἶσι
1619 442 1854 525 ἀγοίατο
1879 448 1938 507 ἐς

336 535 553 613 Σάρδις,
580 538 775 614 πρῶτα
808 537 913 612 μὲν
947 533 1077 597 τοῦς
1106 532 1310 596 παῖδας
1345 531 1600 602 ἐδίδαξαν
1637 534 1759 608 ἱροῦ
1789 531 1935 609 ἅψα-

336 626 475 686 σθαι
512 622 854 702 Ἀρτέμιδος,
880 622 1026 699 μετὰ
1058 622 1136 692 δὲ,
1164 619 1230 681 οὖ
1263 619 1643 698 περιορέοντες
1669 618 1936 679 ἐπέλκειν

336 713 467 777 τοῦς
495 713 675 775 ἱκέτας
700 716 761 771 ἐκ
786 715 887 771 τοῦ
916 713 1052 787 ἱροῦ,
1070 709 1263 769 σιτίων
1277 709 1340 768 δὲ
1363 707 1494 772 τοῦς
1517 706 1721 770 παῖδας
1747 706 1936 788 ἐργόν-

335 827 447 863 των
485 800 812 877 Κορινθίων,
839 797 1177 873 ἐποιήσαντο
1208 800 1264 857 οἱ
1300 795 1504 874 Σάμιοι
1533 794 1705 873 ὁρτὴν
1738 798 1811 873 τῇ
1844 794 1937 852 καὶ

340 894 439 949 νῦν
463 890 543 948 ἔτι
567 888 837 966 χρέωνται
862 886 1005 945 κατὰ
1026 884 1222 945 ταῦτά·
1262 884 1456 947 νυκτὸς
1461 882 1590 997 Ἰ,γὰρ
1619 883 1936 965 ἐπιγενομέ·

340 1002 454 1052 νης,
487 975 628 1035 ὅσον
650 973 856 1054 χρόνον
892 974 1135 1034 ἱκέτευον
1162 976 1217 1033 οἱ
1239 972 1486 1037 παῖδες”
1461 996 1706 1033 ιστασαν
1731 969 1938 1080 χοροιΞς

339 1064 626 1140 παρθένων
666 1086 730 1121 τε
771 1061 865 1120 καὶ
904 1060 1182 1136 ηιθέων,“
1164 1060 1417 1125 ιστοὶντες
1455 1060 1532 1132 δὲ,
1563 1060 1696 1124 τούς
1732 1084 1939 1139 χορους

335 1150 552 1229 τρωκτοὶ
593 1149 860 1226 σησάμου
899 1174 963 1210 τε
1002 1150 1095 1210 καὶ
1135 1150 1366 1227 μέλιτος
1397 1147 1738 1225 ἐποιήσαντο
1761 1147 1939 1224 νόμον

340 1239 686 1318 φέρεσθαι,’
661 1264 751 1299 ινα
782 1238 1119 1318 ἁρπάζοντες
1145 1242 1201 1299 οἱ
1223 1242 1335 1299 τῶν
1359 1236 1716 1315 Κερκυραίων
1745 1235 1940 1299 παῖδες

340 1329 521 1407 ἔχοιεν
556 1326 797 1406 τροφήν.
880 1332 936 1390 ἐς
973 1330 1142 1388 τοῦτο
1183 1326 1243 1386 δὲ
1280 1325 1410 1386 τόδε
1449 1326 1679 1407 ἐγίνετο,
1712 1328 1768 1389 ἐς
1807 1324 1842 1385 ὃ
1882 1326 1938 1384 οἱ

342 1417 649 1495 Κορίνθιοι,
680 1419 794 1476 τῶν
832 1414 1045 1476 παίδων
1084 1418 1142 1475 οἷ
1180 1413 1445 1490 φύλακοι,
1482 1414 1706 1492 οἴχοντο
1738 1411 1937 1472 ἄπολι-

340 1505 555 1576 πάντες,
595 1503 728 1568 τοῦς
773 1504 833 1563 δὲ
871 1503 1072 1567 παῖδας
1113 1500 1410 1583 ἀπήγαγον
1449 1505 1506 1565 ἐς
1552 1501 1845 1578 Κέρκυραν
1883 1503 1940 1560 οἳ

248 1595 323 1653 49
345 1592 567 1670 Σάμιοι.
623 1596 697 1651 Εἰ
720 1592 825 1668 μέν
844 1617 941 1651 νυν
966 1589 1314 1668 Περιάνδρου
1326 1588 1769 1665 τελευτήσαντος
1784 1590 1940 1648 τοῖσι

345 1679 697 1757 Κορινθίοισι
723 1678 869 1755 φιλα
892 1676 965 1754 ἦν
988 1678 1130 1755 πρὸς
1146 1678 1276 1741 τούς
1295 1676 1685 1756 Κερκυραίους,
1705 1676 1820 1736 οἶδε
1839 1674 1942 1736 οὐκ

344 1765 413 1826 ἂν
452 1765 839 1842 συνελάβοντο
877 1769 979 1826 τοῦ
1019 1766 1437 1844 στρατεύματος
1473 1769 1574 1826 τοῦ
1615 1766 1708 1825 ἐπὶ
1747 1764 1942 1842 Σάμον

343 1854 546 1931 ταύτης
578 1854 779 1914 εἵνεκεν
813 1857 915 1929 τῆς
945 1853 1144 1929 αἰτίης·
1185 1857 1283 1914 νῦν
1317 1855 1379 1914 δὲ
1410 1852 1532 1924 αἰεὶ,
1560 1853 1687 1913 ἐπεί
1713 1878 1778 1913 τε
1801 1853 1940 1912 ἔκτι·

344 1967 458 2004 σαν
480 1940 584 2019 τὴν
607 1946 799 2019 νῆσον,
828 1942 940 2002 εἶσὶ
962 1941 1278 2018 α’λλήλοισι
1316 1940 1579 2019 διάφοροι
1609 1940 1790 2005 ἐόντες
1814 1944 1944 2002 ἑωυ-

346 2035 503 2092 τοῖσι
541 2030 749 2092 τούτων
787 2030 862 2093 ὧν
894 2030 1096 2091 εἵνεκεν
1135 2029 1619 2107 ἀπεμνησικάκεον
1647 2033 1802 2089 τοῖσι
1832 2030 1942 2095 Σα-

345 2122 531 2198 μίοισι
572 2122 628 2180 οἱ
674 2120 983 2198 Κορίνθιοι.
1062 2117 1358 2195 ἀπέπεμπε
1404 2117 1464 2177 δὲ
1511 2122 1568 2182 ἐς
1611 2115 1814 2195 Σάρδις
1855 2115 1941 2177 ἐπ’

347 2212 554 2287 ἐκτομῇ
598 2207 941 2286 Περίανδρος
983 2209 1095 2267 τῶν
1138 2206 1369 2283 πρώτων
1418 2206 1776 2283 Κερκυραίων
1827 2209 1941 2266 ἐπι-

346 2296 513 2366 λέξας
551 2295 681 2358 τούς
718 2292 936 2365 παῖδας,
974 2293 1393 2372 τιμωρεύμενος·
1441 2292 1705 2370 πρότεροι
1741 2291 1851 2373 γὰρ
1888 2295 1943 2354 οἶ

349 2385 683 2460 Κερκυραῖοι
706 2381 885 2458 ἧρξαν
910 2387 965 2444 ἐς
991 2381 1162 2443 αὐτὸν
1179 2385 1416 2463 πρῆγμα
1439 2379 1773 2442 ἀτάσθαλον
1783 2380 1941 2458 ποιή-

250 2473 330 2531 50
349 2494 567 2532 σαντες.
631 2467 796 2528 Ἐπεί
814 2495 877 2529 τε
900 2468 1013 2552 γαῖρ
1031 2467 1136 2544 τὴν
1156 2471 1358 2529 ἑωυτοῦ
1379 2472 1616 2550 γυναῖκα
1634 2469 1946 2528 Μέλισσαν

350 2555 691 2635 Περίανδρος
730 2556 1030 2626 ἀπέκτεινε,
1064 2556 1371 2635 συμφορήν
1407 2554 1628 2631 τοιήνδε
1667 2559 1722 2618 οἱ
1761 2554 1946 2632 ἄλλην

350 2646 569 2722 συνέβη
594 2644 734 2723 πρὸς
762 2649 836 2724 τῇ
860 2644 1122 2725 γεγονυίῃ
1159 2644 1444 2725 γενέσθαι·
1483 2641 1636 2720 ἦσάν
1660 2646 1716 2703 οἱ
1741 2648 1804 2703 ἐκ
1828 2649 1944 2704 Me-

350 2733 563 2810 λίσσης
600 2733 697 2794 δύο
732 2733 940 2804 παῖδες,
958 2730 1192 2808 ἡλικίην
1223 2729 1258 2792 ὅ
1288 2734 1394 2809 μὲν
1429 2731 1794 2792 ἑπτακαίδεκα
1827 2731 1860 2793 ὅ
1887 2731 1948 2791 δὲ

350 2820 719 2882 ὀκτωκαίδεκα
765 2821 890 2880 ἔτεα
928 2819 1189 2903 γεγονώς·
1239 2819 1469 2882 τούτους
1506 2819 1541 2879 ὁ
1573 2817 1946 2897 μητροπάτωρ

353 2912 621 2984 Προκλῆς
655 2908 759 2969 ε’ὣν
787 2906 1121 2985 Ἐπιδαύρου
1155 2905 1421 2984 τύραννος
1444 2906 1950 2986 μεταπεμψάμενος

352 2991 483 3071 παρ’
525 2995 723 3056 ἐωυτόν
764 2994 1220 3076 ἐφιλοφρονέετο,
1263 2993 1336 3057 ὥς
1375 2994 1519 3058 εἰκός
1561 2994 1636 3071 ἦν
1675 2993 1950 3076 θυγατρός

354 3079 545 3144 ἐόντας
566 3086 669 3158 τῆς
694 3085 895 3142 ἑωυτοῦ
919 3081 1140 3144 παῖδας·
1183 3081 1308 3140 ἐπεί
1325 3106 1390 3141 τε
1414 3081 1480 3141 δέ
1503 3081 1739 3158 σφεας’
1703 3083 1951 3160 απεπέμ-

353 3187 509 3239 πετο,
539 3166 661 3227 εἶπε
683 3169 1028 3246 προπέμπων
1054 3166 1272 3230 αυτούς·
1313 3165 1402 3203 “’
1365 3193 1478 3245 αρα
1501 3168 1715 3240 ἵστε,’
1671 3197 1717 3230 ω
1740 3170 1952 3240 παῖδες,

354 3271 419 3308 ος
455 3249 635 3326 ύμέων
667 3253 774 3327 τὴν
802 3255 1017 3330 μητέρα
1046 3252 1365 3316 ἀπέκτεινε·
1349 3253 1399 3326 ,”
1439 3260 1608 3318 τοῦτο
1644 3256 1714 3319 τό
1753 3254 1949 3323 ἔκυς’
1913 3281 1951 3320 ο
