2250 3500
236 134 324 184 viii
931 131 1255 184 LECTORI.

240 279 412 332 prope
445 261 682 332 Tyanam
721 258 903 328 (hodie
939 259 1214 329 Danam),
1250 260 1401 316 unde
1434 260 1622 332 paucis
1656 263 1945 326 itineribus

237 353 310 407 ad
333 357 525 423 portas
547 353 764 407 Cilicias
787 351 1124 420 pervenitur.
1177 350 1306 406 Non
1330 352 1541 406 alia‘via
1562 369 1723 406 usum
1742 354 1943 421 Cyrum

227 445 508 515 juniorem
567 461 693 500 cum
751 443 1205 512 Mesopotamiam
1265 443 1551 498 invaderet
1608 447 1799 498 auctor
1858 448 1946 500 est

241 539 582 610 Xenophon3
631 537 1030 594 mercatoribus
1083 541 1288 607 autem,
1336 538 1442 592 nisi
1498 538 1697 608 quibus
1744 539 1947 606 Tarsus

239 635 364 688 finis
389 633 599 688 itineris
622 637 786 702 esset,
805 632 1000 688 eadem
1023 635 1507 702 parum-usurpata
1527 633 1764 688 videtur.
1836 633 1943 699 Qui

241 727 419 782 Tauro
445 727 680 782 ulterius
711 727 970 796 progredi
998 727 1056 780 in
1079 729 1261 782 animo
1288 727 1584 798 habebant,
1607 728 1649 782 ii
1667 727 1787 798 jam
1812 728 1946 784 inde
2014 753 2021 776 ι

239 823 312 876 ab
355 822 573 877 Holmis
598 821 712 890 (qui
748 821 897 875 locus
933 821 992 874 in
1025 821 1297 890 Phrygiae
1332 823 1707 879 Paroreatidis
1745 822 1947 877 finibus

239 915 344 980 est)
383 913 605 982 paulum
643 912 716 966 ad
763 911 1206 981 Septentrionem
1252 929 1442 968 versus
1488 915 1599 969 iter
1638 914 1945 970 devertisse

239 1005 513 1074 videntur,
569 1021 676 1074 quo
731 1007 906 1074 pacto,
958 1003 1233 1074 Lycaonia
1280 1005 1737 1076 Cappadociaque
1786 1023 1945 1074 pera-

239 1100 428 1168 gratis,
469 1099 698 1154 tandem
745 1097 1084 1170 Euphratem
1122 1099 1349 1155 fluvium
1388 1080 1561 1171 prope
1600 1101 1943 1157 Samosatam

239 1192 608 1262 trajiciebant.

347 1283 500 1349 Quae
538 1283 610 1338 de
642 1283 896 1352 Scythiae
935 1285 1124 1340 incolis
1161 1287 1352 1340 narrat
1388 1277 1613 1356 Noster,
1646 1301 1713 1340 ea
1750 1285 1840 1341 vel
1886 1285 1945 1342 in

241 1375 419 1444 Olbia,
456 1377 559 1446 vel,
599 1377 749 1446 quod
793 1378 978 1448 potius
1016 1379 1363 1449 crediderim,
1403 1369 1463 1434 in
1501 1373 1699 1451 ‘Cyzico
1745 1381 1943 1436 audire

240 1469 435 1538 potuit.
493 1468 928 1542 Longinquiores
949 1473 1217 1542 regiones,
1242 1473 1433 1543 quales
1457 1468 1514 1527 in
1540 1477 1738 1543 quarto
1761 1475 1944 1542 operis

240 1562 382 1616 libro
429 1562 704 1630 describit,
741 1565 922 1634 ipsum
967 1564 1177 1634 visisse,
1217 1561 1379 1620 nemo
1416 1561 1716 1620 earundem
1742 1563 1943 1621 'sciens

241 1657 600 1725 contenderit,
637 1657 744 1710 nisi
785 1656 880 1727 qui
927 1656 1096 1712 ffdem
1130 1657 1338 1734 ‚optimi
1385 1653 1671 1733 scriptoris
1719 1660 1943 1729 penitus

241 1748 574 1805 labefactare
607 1748 808 1816 cupiat.
1472 1746 1478 1753 “
1672 1747 1677 1753 ’
