2250 3500
292 111 387 162 858
902 111 1270 161 ἨΡΟΔΟΤΟΤ
1773 109 1897 175 [IV.

290 187 638 269 ὄμοιόταται.
697 195 953 252 τοσαῦτα
976 192 1083 269 μέν
1109 218 1206 253 νυν
1233 191 1400 270 θηρία
1424 190 1462 267 ἦ
1487 193 1599 252 τῶν
1623 191 1908 268 Νομάδων

289 278 521 355 Λιβύων
550 282 628 360 γῆ
669 279 798 358 ἔχει,
828 277 969 340 ὅσον
999 279 1162 357 ἡμεῖς
1201 280 1546 359 ἱστορέοντες
1579 278 1671 338 ἐπὶ
1694 277 1906 358 μακρό·

289 391 460 428 τατον
486 366 600 426 οἷοί
619 393 681 428 τε
708 367 1009 449 ἐγενόμεθα
1036 367 1337 437 ἐξικέσθαι.
1421 413 1428 418 .

190 451 313 516 ’193
398 455 645 526 Μαξύων
688 456 747 516 δὲ
788 455 1021 533 Λιβύων
1062 455 1306 532 Ζαύηκες
1351 457 1589 534 ἔχονται,
1635 456 1792 513 τοῖσι
1843 459 1906 516 αἶ

200 545 313 606 194
332 548 588 627 γυναῖκες
613 545 905 625 ἡνιοχεῦσι
928 544 1000 604 τά
1020 543 1244 622 ἅρματα
1265 549 1320 606 ἐς
1333 543 1434 603 τόν
1449 542 1722 619 πόλεμον.
1763 543 1904 603 Τού-

287 659 399 694 των
436 633 497 692 δὲ
532 631 802 704 Γύζαντες
835 633 1070 712 ἔχονται,
1104 638 1164 691 ἐν
1193 635 1346 692 τοῖσι
1379 632 1515 707 μέλι
1549 633 1653 707 μὲν
1677 631 1906 693 πολλὰν

290 723 571 799 μέλισσαι
598 720 1044 802 κατεργάζονται,
1071 723 1274 799 πολλῷ
1299 719 1346 778 δ’
1375 720 1454 778 ἔτι
1479 719 1658 778 πλέον
1675 719 1904 800 λέγεται

291 809 660 890 δημιουργοΰς
684 807 885 887 ἄνδρας
908 808 1136 868 ποιέειν·
1167 811 1499 885 μιλτοῦνται
1527 805 1574 864 δ’
1599 804 1674 866 ὦν
1698 807 1904 872 πάντες

294 896 464 967 οὗτοι,
498 897 593 956 καὶ
626 898 1134 978 πιθηκοφαγέουσι·
1176 898 1230 955 οἶ
1261 895 1325 954 δέ
1358 901 1472 970 σφι
1497 893 1741 971 ἄφθονοι
1771 895 1903 955 ὅσοι

206 987 318 1044 195
337 988 561 1044 ἐντοῖσι
588 983 780 1062 οὔρεσι
804 985 1071 1065 γίνονται.
1131 983 1299 1043 Κατά
1323 981 1550 1046 τούτους
1576 981 1636 1042 δὲ
1660 983 1904 1064 λέγουσι

292 1071 671 1150 Καρχηδόνιοι
691 1072 917 1132 κέεσθαι
932 1076 1110 1147 νῆσον
1127 1075 1200 1150 τῇ
1219 1069 1430 1147 οὕνομα
1446 1070 1584 1131 εἶναι
1600 1069 1899 1148 Κύραυνιν,

291 1163 470 1238 μῆκος
508 1162 612 1236 μὲν
654 1159 952 1236 διηκοσίων
996 1160 1238 1220 σταδίων
1291 1157 1509 1223 πλάτος
1551 1159 1611 1218 δὲ
1653 1158 1899 1235 στεινὴν,

293 1247 569 1324 διαβατὸν
615 1253 677 1308 ἐκ
720 1252 824 1325 τῆς
876 1247 1127 1326 ἠπείρου,
1171 1247 1400 1307 ἐλαιέων
1439 1273 1501 1307 τε
1542 1245 1782 1324 μεστὴν·
1805 1247 1902 1308 καὶ

292 1334 579 1413 ἀμπέλων·
609 1338 813 1413 λίμνην
834 1336 895 1396 δὲ
922 1341 981 1396 ἐν
1000 1335 1142 1414 αὐτῇ
1163 1335 1316 1406 εἶναι,
1346 1339 1408 1394 ἐκ
1431 1339 1534 1412 τῆς
1553 1338 1612 1394 αἱ
1631 1335 1903 1412 παρθένοι

289 1428 400 1485 τῶν
427 1425 731 1503 ἐπιχωρίων
756 1428 1017 1502 πτεροῖσι
1042 1423 1272 1502 ὀρνίθων
1306 1423 1686 1503 κεχριμένοισι
1709 1423 1902 1503 πίσσῃ

278 1517 353 1571 ·ἐκ
396 1516 498 1588 τῆς
552 1513 705 1576 ἰλύος
751 1517 953 1594 ψῆγμα
1002 1511 1351 1589 ἀναφέρουσι
1394 1514 1636 1591 χρυσοῦ.
1717 1516 1902 1572 ταῦτα

293 1604 341 1660 εἰ
370 1600 476 1677 μέν
502 1605 627 1660 ἐστί
656 1600 908 1676 ἀληθέως
934 1600 1032 1659 οὐκ
1060 1600 1200 1670 οἶδα,
1228 1599 1300 1660 τοὶ
1328 1599 1387 1658 δὲ
1412 1600 1641 1681 λέγεται
1665 1597 1895 1680 γράφω·

292 1689 377 1764 εἴη
416 1687 463 1746 δ’
503 1685 573 1747 ἂν
611 1693 743 1747 πᾶν·
786 1687 919 1747 ὅκου
953 1688 1046 1746 καὶ
1083 1693 1143 1748 ἐν
1177 1687 1436 1767 Ζακύνθῳ
1469 1693 1529 1748 ἐκ
1562 1686 1763 1765 λίμνης
1802 1689 1900 1748 καὶ

288 1776 485 1837 ὕδατος
510 1778 732 1836 πίσσαν
764 1774 1188 1853 ἀναφερομένην
1215 1776 1380 1840 αὐτὸς
1418 1776 1526 1857 ἐγώ
1554 1776 1740 1855 ὥρεον.
1783 1778 1898 1838 εἰσὶ

288 1865 392 1938 μὲν
430 1863 521 1921 καὶ
558 1867 795 1927 πλεῦνες
832 1866 890 1923 αἱ
925 1864 1124 1941 λίμναι
1161 1864 1372 1934 αὗτόθι,
1401 1864 1439 1939 ἦ
1467 1865 1527 1923 δὲ
1555 1863 1628 1924 ὦν
1649 1866 1899 1945 μεγίστη

293 1950 499 2011 αὐτέων
516 1952 907 2029 ἑβδομήκοντα
926 1952 1111 2013 ποδῶν
1133 1952 1315 2028 πάντη
1335 1952 1519 2028 βάθος
1539 1952 1599 2011 δὲ
1619 1952 1899 2033 διόργυιός

291 2044 433 2100 ἐστι·
476 2045 531 2104 ἐς
560 2039 766 2117 ταύτην
802 2040 1000 2101 κοντόν
1034 2044 1275 2101 κατιεῖσι
1313 2040 1397 2099 ἐπ’
1417 2038 1582 2120 -ἀκρῳ
1617 2040 1899 2119 μυρσίνην

287 2126 728 2203 προσδήσαντες,
771 2128 863 2187 καὶ
908 2129 1096 2189 ἔπειτα
1143 2127 1492 2206 ἀναφέρουσι
1529 2132 1603 2208 τῇ
1647 2129 1896 2207 μυρσίνῃ

288 2214 524 2286 πίσσαν,
544 2214 744 2293 ’ὀδμὴν
784 2219 889 2294 μὲν
928 2218 1171 2296 ἔχουσαν
1207 2215 1512 2294 ἀσφάλτου
1544 2216 1617 2277 τὰ
1657 2215 1704 2275 δ’
1737 2214 1896 2276 ἄλλα

286 2306 390 2377 τῆς
415 2308 681 2380 Πιερικῆς
700 2305 917 2381 πίσσης
934 2304 1159 2382 ἀμείνω.
1217 2305 1484 2384 ἐσχέουσι
1511 2305 1572 2364 δὲ
1599 2310 1654 2368 ἐς
1680 2303 1897 2365 λάκκον

286 2388 671 2470 ὀρωρυγμένον
692 2390 876 2473 ἀγχοῦ
901 2398 1003 2468 τῆς
1029 2394 1250 2472 λίμνης·
1292 2393 1461 2453 ἐπεὰν
1487 2393 1548 2453 δὲ
1573 2392 1896 2471 ἀθροίσωσι

288 2476 520 2555 συχνήν,
578 2476 721 2539 οὕτω
773 2484 828 2544 ἐς
878 2480 1008 2545 τούς
1067 2480 1358 2559 ἀμφορέας
1413 2486 1472 2541 ἐκ
1525 2482 1628 2540 τοῦ
1677 2478 1898 2541 λα’κκου

288 2565 647 2646 καταχέουσι·
694 2566 727 2627 ὅ
759 2593 815 2627 τι
852 2567 899 2627 δ’
934 2566 1003 2629 ἂν
1035 2570 1260 2649 ἐσπέσῃ
1298 2573 1354 2632 ἐς
1391 2568 1496 2645 τήν
1526 2569 1749 2645 λίμνην,
1781 2568 1894 2631 ὗπό

286 2656 394 2733 γῆν
424 2652 508 2714 ῖὸν
538 2652 903 2732 ἀναφαίνεται
930 2661 988 2716 ἐν
1010 2660 1083 2736 τῇ
1111 2656 1402 2737 θαλάσσῃ·
1443 2656 1482 2733 ἦ
1510 2656 1570 2715 δὲ
1595 2654 1796 2735 ἀπέχει
1821 2656 1896 2719 ὥς

286 2742 535 2820 τέσσερα
575 2742 779 2803 στάδια
814 2742 927 2804 ἀπδ
963 2748 1065 2821 τῆς
1103 2745 1325 2822 λίμνης.
1411 2744 1551 2805 οὕτω
1587 2742 1662 2803 ὦν
1699 2745 1794 2803 καὶ
1819 2744 1892 2805 τά

286 2828 399 2887 ἀπὸ
425 2833 525 2904 τῆς
560 2830 739 2905 νήσου
775 2836 877 2907 τῆς
909 2832 1001 2891 ἐπὶ
1034 2831 1228 2911 Λιβύῃ
1261 2833 1516 2910 κειμένης
1549 2830 1740 2892 οἰκότα
1767 2832 1894 2893 ἐστὶ

286 2914 546 2993 ἀληθηΐῃ.

144 3078 151 3086 ,
195 3001 306 3057 196
408 3004 657 3083 Λέγουσι
710 3005 770 3063 δὲ
818 3007 909 3065 καὶ
950 2996 1083 3067 τάδε
1131 3008 1536 3087 Καρχηδόνιοι·
1598 3007 1739 3067 εἶναι
1788 3012 1888 3084 τῆς

285 3089 505 3163 Λιβύης
546 3090 733 3167 χῶρόν
772 3119 835 3153 τε
890 3094 981 3151 καὶ
1024 3092 1347 3171 ἀνθρώπους
1389 3096 1491 3165 ἔξω
1527 3094 1887 3172 Ἡρακληΐων

286 3176 541 3244 στηλέων
566 3182 1008 3255 κατοικημένους,
1036 3188 1092 3246 ἐς
1110 3183 1242 3246 τούς
1269 3184 1436 3245 ἐπεάν
1461 3183 1768 3244 ἀπίκωνται
1794 3185 1888 3244 καὶ

286 3252 577 3318 ἐξέλωνται
616 3262 689 3321 τὰ
730 3268 953 3341 φορτία,
988 3270 1172 3334 θέντες
1203 3272 1344 3333 αὐτὰ
1371 3272 1570 3348 ἐπεξῆς
1599 3272 1756 3349 παρὰ
1781 3271 1890 3347 τὴν
