2250 3500
348 105 448 159 272
959 109 1326 161 ἭΡοΔοτοί·
1367 98 1370 103 ’
1819 113 1947 177 [111.

351 188 552 245 ἑαυτοῦ
602 182 833 263 δύναμιν
881 189 1247 266 περιέσεσθαι
1297 193 1399 266 τῆς
1449 191 1746 267 βασιλέος,
1794 192 1952 254 ἀλλὰ

354 272 647 349 φθονήσας
697 279 927 351 μᾶλλον
974 277 1301 341 Συλοσῶντι
1355 282 1404 337 εἰ
1455 278 1693 355 οἷπονητὶ
1745 282 1952 357 ἔμελλε

350 359 795 439 ἀπολάμψεσθαι
844 362 1100 442 ἀκέραιον
1150 362 1254 441 τήν
1302 365 1491 426 πόλιν.
1573 368 1832 445 ἐρεθίσας
1877 369 1952 431 ὧν

348 447 479 512 τους
504 450 750 525 Πέρσας,
778 451 939 511 ἔθελε
965 450 1037 515 ὥς
1062 450 1450 513 ἀσθενέστατα
1476 458 1716 530 ποιῆσαι
1738 456 1814 516 τσῖ
1843 458 1950 522 Σά-

348 561 454 614 μια
492 536 797 619 πρήγματα
836 539 930 599 καὶ
968 538 1111 599 οὕτω
1148 541 1528 618 παραδιδόναι,
1566 542 1626 602 εὖ
1660 544 1951 613 ἐξεπιστά-

349 651 516 703 μενος
555 626 627 689 ὦς
656 625 928 690 παθόντες
967 629 1023 685 οἶ
1063 628 1286 704 Πέρσαι
1318 634 1495 693 κακῶς
1529 655 1949 710 προσεμπικρα-

350 714 577 775 νέεσθαι
628 714 869 790 ἔμελλον
918 718 1073 775 τοῖσι
1124 716 1411 792 Σαμίοισι·
1469 717 1624 781 εἰδώς
1662 744 1726 779 τε
1773 724 1952 800 ἑωυτῷ

349 800 620 879 α’σφαλέα
660 802 880 863 ἔκδυσιν
910 804 1115 862 ἐοῦσαν
1157 806 1217 860 ἐκ
1255 804 1360 876 τῆς
1396 800 1575 877 νήσου
1612 828 1742 862 τοτε
1783 809 1950 872 ἐπεὰν

348 888 514 952 αὐτος
538 889 839 967 βούληται·
882 889 1179 964 ἐπεποίητο
1203 887 1314 969 γάρ
1341 889 1395 947 οἶ
1423 888 1635 965 κρυπτὴ
1664 878 1916 965 διώρυξ’
1889 918 1949 950 εκ
1983 920 1988 925 ·

352 1002 455 1053 της
489 976 828 1054 α’κροπόλιος
859 976 1117 1052 φέρουσα
1145 976 1236 1035 ἐπὶ
1262 974 1587 1036 θάλασσαν.
1656 974 1823 1040 αὖτος
1843 980 1950 1059 μὲν

349 1065 419 1141 δὴ
444 1064 477 1124 ὁ
503 1063 846 1141 Μαιάνδριος
873 1064 1096 1124 ἐκπλέει
1123 1068 1186 1122 ἐκ
1210 1067 1312 1139 τῆς
1339 1062 1552 1140 Σάμου·
1591 1063 1722 1129 τούς
1748 1064 1810 1123 δὲ
1835 1071 1948 1124 ἐπι-

284 1196 289 1199 -
355 1152 583 1230 κούρους
606 1151 816 1215 πάντας
840 1150 1086 1214 ὁπλίσας
1111 1150 1145 1211 ὁ
1171 1152 1462 1227 Χαρίλεως
1489 1151 1580 1210 καὶ
1595 1150 1948 1216 ἀναπετάσας

347 1240 449 1304 τὰς
486 1239 685 1309 πύλας,-
714 1240 875 1316 ἐξῆκε
906 1240 999 1298 ἐπὶ
1039 1237 1173 1303 τοῦς
1211 1240 1446 1315 Πέρσας
1482 1239 1609 1300 οὔτε
1642 1241 1950 1317 προσδεκο-

349 1328 547 1407 μένους
581 1331 803 1389 τοιοῦτο
844 1326 1003 1387 οὐδὲν
1027 1326 1317 1390 δοκέοντάς
1339 1352 1402 1385 τε
1427 1326 1496 1403 δή
1523 1326 1707 1388 πάντα
1732 1327 1953 1405 συμβεέ

352 1416 547 1494 βάναι·
581 1415 916 1493 ἐμπεσόντες
941 1414 1001 1474 δὲ
1029 1418 1083 1474 οἱ
1110 1414 1394 1491 ἐπίκουροι
1406 1418 1516 1474 τῶν
1537 1416 1806 1492 Περσέων
1821 1416 1951 1481 τοῦς

348 1504 895 1582 διφροφορευμένους
926 1528 991 1563 τε
1022 1502 1115 1562 καὶ
1146 1500 1323 1582 λόγου
1347 1503 1624 1563 πλείστου
1651 1502 1841 1567 ἐόντας
1867 1505 1948 1563 ἔκ-

348 1617 547 1652 τεινον.
630 1592 723 1649 καὶ
776 1588 928 1650 οὗτοι
978 1593 1083 1667 μὲν
1120 1594 1298 1649 ταῦτα
1345 1590 1563 1650 ἐποίευν
1603 1589 1643 1666 ἦ
1689 1591 1751 1649 δὲ
1795 1590 1950 1669 ἄλλη

348 1678 587 1757 στρατιῆ
628 1678 667 1754 ἤ
710 1677 969 1756 Περσικὴ
1024 1677 1349 1755 ἐπεβοήθεε·
1405 1678 1748 1756 πιεζεύμενοι
1786 1679 1848 1743 ,δὲ
1896 1684 1951 1739 οἱ

352 1769 647 1843 ἐπίκουροι,
690 1765 873 1826 ὀπίσω
915 1765 1332 1842 κατειλήθησαν
1375 1772 1430 1830 ἐς
1472 1767 1575 1842 τήν
1617 1767 1950 1845 ἀκρόπολιν.

257 1857 369 1917 147
389 1853 626 1930 Ὀτάνης
658 1853 717 1913 δὲ
752 1853 785 1912 ὁ
816 1853 1140 1934 στρατηγός
1178 1853 1306 1914 ἶδῶν
1335 1854 1514 1917 πάθος
1543 1855 1692 1935 μέγα
1719 1857 1953 1933 Πέρσας

348 1941 711 2012 πεπονθότας,
741 1940 971 2004 ἐντολάς
1006 1967 1069 2001 τε
1097 1940 1201 2004 τὰς
1237 1941 1473 2019 Δαρεῖός
1499 1946 1556 2002 οἱ
1580 1942 1953 2004 ἀποστέλλων

350 2031 687 2100 ἐνετέλλετο,
720 2029 863 2107 μήτε
905 2029 1133 2090 κτείνειν
1172 2029 1384 2106 μηδένα
1425 2031 1651 2106 Σαμίων
1679 2031 1824 2107 μήτε
1857 2031 1952 2093 α’ν-

350 2119 779 2197 δραποδίζεσθαι
800 2118 1019 2178 οἷπαθέα
1042 2143 1105 2177 τε
1127 2122 1306 2176 κακῶν
1327 2117 1630 2177 ἀποδοῦναι
1652 2119 1758 2194 τὴν
1773 2123 1953 2196 νῆσον

350 2211 691 2278 Συλοσῶντι,
731 2207 967 2267 τουτέων
1004 2207 1108 2284 μὲν
1147 2208 1258 2265 τῶν
1297 2207 1564 2265 ἐντολέων
1602 2207 1952 2284 μεμνημένος

350 2295 771 2364 ἐπελανθάνετο,
810 2294 842 2353 ὁ
884 2293 944 2352 δὲ
982 2292 1328 2374 παρήγγειλε
1363 2296 1434 2370 τῇ
1475 2298 1734 2372 στρατιῇ,
1766 2295 1954 2356 πάντα

348 2383 447 2442 τὸν
474 2381 543 2442 ἂν
569 2381 800 2456 λάβωσι
825 2381 917 2440 καὶ
944 2379 1115 2458 ἄνδρα
1148 2380 1240 2438 καὶ
1269 2379 1443 2439 παῖδα
1471 2379 1675 2456 ὁμοίως
1703 2382 1949 2443 κτείνειν·

350 2471 585 2530 ἐνθαῦτα
608 2473 708 2544 τῆς
734 2473 1001 2545 στρατιῆς
1028 2471 1082 2527 οἶ
1106 2470 1211 2546 μὲν
1236 2467 1339 2543 τὴν
1359 2466 1669 2544 ἀκρόπολιν
1694 2470 1951 2548 ἐπολιόρ-

356 2581 480 2616 κεον
516 2559 569 2616 οἶ
609 2555 669 2615 δὲ
708 2556 945 2616 ἔκτεινον
980 2555 1165 2615 πάντα
1202 2581 1304 2616 τον
1344 2555 1600 2632 ἐμποδων
1637 2556 1949 2638 γινόμενον,

258 2643 419 2706 148
390 2646 589 2722 ομοίως
630 2645 687 2704 ἔν
714 2669 777 2705 τε
816 2647 913 2724 ἱρῷ
941 2645 1031 2702 καὶ
1058 2643 1205 2714 ἔξω“
1188 2648 1326 2721 ιροῦ·
1369 2643 1714 2722 Μαιάνδριος
1738 2643 1786 2704 δ’
1811 2645 1950 2704 ἀπο-

346 2733 481 2810 δροῖς
521 2738 580 2793 ἐκ
611 2737 713 2808 τῆς
750 2732 943 2810 Σάμου
976 2733 1252 2791 ἐκπλέει’
1227 2757 1282 2794 ες
1306 2731 1716 2809 Λακεδαίμονα·
1757 2732 1951 2794 α’πικό·

350 2846 515 2897 μενος
547 2819 592 2880 δ’
621 2825 677 2883 ἐς
712 2819 885 2895 αὐτὴν
921 2819 1014 2878 καὶ
1050 2817 1464 2898 ἀνενεικάμενος
1488 2820 1562 2880 τσῖ
1589 2811 1951 2900 ἔχωνλέξεχῶ-

346 2933 505 2984 ρησε,
546 2907 725 2967 ἐποίεε
765 2907 969 2967 τοιάδε·
1026 2906 1166 2970 ὅκως
1204 2907 1445 2984 ποτήρια
1485 2906 1730 2990 ἀργύρεά
1760 2933 1822 2968 τε
1859 2911 1954 2968 καὶ

348 2994 564 3071 χρύσεα
593 2995 875 3070 προθεῖτο,
905 2997 959 3052 οἶ
992 3019 1096 3070 μεν
1135 2993 1466 3071 θεράποντες
1501 2996 1673 3055 αὕτου
1701 2996 1952 3073 ἐξέσμων

349 3079 507 3151 αὐτοὶ,
541 3108 571 3140 ο
607 3079 727 3138 δὲ
692 3106 787 3142 αν.
796 3081 895 3140 τὸν
925 3079 1132 3159 χρόνον
1169 3084 1370 3141 τοῦτον
1408 3087 1486 3162 τῷ
1527 3085 1838 3160 Κλεομένεϊ
1875 3089 1955 3165 τῷ

344 3162 829 3242 Ἀναξανδρίδεω’
802 3193 860 3224 εν
884 3167 1167 3246 λόγοισι’
1141 3192 1258 3236 εων,
1275 3169 1649 3243 βασιλευοντι
1670 3170 1952 3250 Σπάρτης,

350 3253 569 3334 προῆγέ
609 3277 702 3328 μιν
733 3258 789 3316 ἐς
826 3278 898 3312 τα
940 3255 1104 3313 οικία·
1148 3253 1285 3319 ὅκως
1324 3257 1385 3316 δὲ
1421 3258 1597 3319 ἴδοιτο
1623 3261 1955 3338 Κλεομένης
