2250 3500
363 112 579 177 12--141
1031 114 1296 164 eAAmA.
1869 118 1964 163 *205

360 193 615 268 Μέμφιν,
643 191 856 269 ἔπεμπε
880 192 989 252 άνσῖ
1018 194 1276 269 ποταμόν
1301 195 1628 271 Καμβύσης
1659 195 1758 253 νέα
1783 199 1949 253 Μυτι-

358 280 595 355 ληναίην
647 279 858 367 κήρυκα
899 278 1152 361 ἄγουσαν
1194 278 1368 357 ἄνδρα
1420 282 1668 357 Πέρσην,
1718 286 1773 343 ἐς
1825 279 1958 357 ὅμο-

356 368 558 447 λογίην
575 366 1025 444 προκαλεόμενος
1053 370 1408 448 Αἰγυπτίους·
1441 371 1494 427 οἱ
1521 369 1596 439 δὲ,
1625 370 1749 429 ἐπεί
1768 394 1832 429 τε
1855 368 1960 445 τὴν

356 455 453 513 νέα
499 454 617 514 ἴδον
665 456 1018 515 ἐσελθοῦσαν
1072 461 1128 519 ἐς
1179 454 1283 532 τήν
1337 457 1592 531 Μέμφιν,
1641 458 1961 536 ἐκχυθέντες

356 541 517 608 άλέες
542 546 604 601 ἐκ
629 546 729 601 τοῦ
754 544 983 621 τείχεος,
1010 542 1115 617 τήν
1139 568 1203 602 τε
1235 544 1334 603 νέα
1368 542 1687 619 διέφθειραν
1715 545 1806 601 καὶ
1828 542 1958 607 τούς

356 626 557 707 ἄνδρας
607 630 979 710 κρεουργηδὸν
1030 630 1448 693 διασπάσαντες
1503 630 1737 707 ἐφόρεον
1788 635 1844 693 ἐς
1890 630 1958 691 τὸ

354 720 551 795 τεῖχος.
640 717 733 775 καὶ
763 716 1061 797 Αἰγύπτιοι
1099 720 1204 794 μὲν
1242 717 1387 794 μετὰ
1424 721 1595 777 τοῦτο
1634 716 1958 794 πολιορκεύ-

355 828 529 881 μενοι,
554 803 739 883 χρόνῳ
776 804 1166 881 παρέστησαν·
1209 808 1264 864 οἶ
1299 806 1359 864 δὲ
1387 804 1695 883 προσεχέες
1729 806 1957 881 Λίβυες,

359 890 640 955 δείσαντες
672 891 745 951 τοὶ
779 893 909 968 περὶ
947 891 1049 952 τόν
1084 894 1372 973 Αἴγυπτον
1404 892 1692 975 γεγονότα,
1727 893 1958 970 παρέδο-

357 1003 469 1038 σαν
492 980 679 1054 σφέας
714 977 911 1043 αὖτοῦς
948 978 1214 1060 οἷμαχητί·
1260 982 1352 1040 καὶ
1389 981 1570 1058 φόρον
1597 1007 1660 1041 τε
1691 980 1956 1051 ἐτάξαντο

358 1067 451 1125 καὶ
482 1068 631 1145 δῶρα
666 1068 933 1144 ἔπεμπον.
1018 1068 1090 1131 ὣς
1120 1070 1182 1127 δὲ
1214 1073 1522 1146 Κυρηναῖοι
1557 1070 1649 1128 καὶ
1684 1073 1956 1146 Βαρκαῖοι

357 1153 637 1218 δείσαντες
677 1154 879 1231 ὁμοίως
918 1154 982 1237 [ά
1024 1157 1117 1215 καὶ
1158 1160 1212 1216 οἱ
1251 1158 1476 1232 Λίβυες,
1506 1158 1666 1233 ἔτερα
1704 1156 1958 1239 τοιαῦτα]

357 1243 645 1317 ἐποίησαν,
675 1242 1001 1319 Καμβύσης
1028 1243 1089 1302 δὲ
1112 1243 1186 1303 τὰ
1210 1246 1314 1319 μὲν
1339 1245 1494 1319 παρὰ
1513 1244 1741 1320 Λιβύων
1767 1244 1957 1305 ἐλθόν-

354 1355 428 1389 τα
454 1330 603 1407 δῶρα
624 1329 987 1407 φιλοφρόνως
1002 1331 1254 1401 ὶέδέξατο,
1274 1331 1346 1390 τά
1373 1332 1434 1389 δὲ
1457 1332 1610 1408 παροὶ
1633 1333 1958 1409 Κυρηναίων

357 1416 665 1495 ἀπικόμενα
689 1418 985 1496 μεμφθεὶς,
1012 1418 1085 1482 ὦς
1116 1418 1242 1495 ἐμοὶ
1269 1418 1461 1489 δοκέει,
1489 1418 1578 1477 ὅτι
1612 1419 1682 1493 ἦν
1708 1418 1956 1499 ὀλίγα-

358 1504 611 1583 ἔπεμψαν
662 1506 772 1587 γάρ
828 1506 898 1580 δή
948 1506 1320 1582 πεντηκοσίας
1371 1505 1541 1581 μνέας
1592 1505 1857 1586 ἀργυρίου
1905 1509 1958 1565 οῖ

359 1592 950 1669 Κυρηναῖοι-ταύτας
1015 1592 1420 1672 δρασσόμενος,
1475 1592 1794 1673 αὐτοχειρίῃ
1853 1594 1958 1653 διέ-

357 1705 556 1759 σπειρε
581 1684 655 1761 τῇ
684 1684 943 1759 στρατιῇ.

437 1767 655 1848 Ἠμέρῃ
682 1769 741 1828 δὲ
777 1769 979 1848 δεκάτῃ
1015 1767 1111 1828 ἀπ’
1147 1765 1216 1845 ἦς
1249 1771 1546 1848 παρέλαβε
1581 1769 1647 1830 τό
1681 1775 1866 1850 τεῖχος
1890 1769 1957 1832 vo*
1978 1772 2050 1830 14

271 1853 279 1859 ’
359 1860 417 1916 ἐν
442 1857 649 1933 Μέμφι
676 1856 1018 1933 Καμβύσης,
1048 1858 1281 1921 κατίσας
1313 1864 1370 1922 ἐς
1397 1859 1464 1919 vd
1501 1858 1840 1936 προάστειον
1865 1860 1959 1918 ἐπὶ

356 1943 510 2023 λύμῃ
561 1944 661 2004 τόν
723 1945 979 2020 βασιλέα
1034 1948 1145 2004 τῶν
1199 1947 1516 2025 Αἰγυπτίων
1572 1946 1954 2022 Ψαμμήνιτον,

357 2030 791 2108 βασιλεύσαντα
813 2035 993 2109 μῆνας
1020 2031 1097 2101 ἓξ,
1122 2034 1322 2092 τοῦτον
1355 2033 1603 2102 κατίσας,
1630 2033 1737 2092 σὺν
1762 2031 1956 2092 ἅλλοι-

358 2145 423 2178 σι
454 2120 813 2200 Αἰγυπτίοισι
844 2119 1156 2196 διεπειρᾶτο
1190 2117 1360 2178 αὐτοῦ
1393 2122 1495 2195 τῆς
1531 2123 1730 2197 ψυχῆς,
1757 2119 1959 2179 ποιέων

357 2206 560 2267 τοιάδε.
643 2207 875 2270 στείλας
928 2206 1097 2266 αὐτοῦ
1136 2204 1241 2281 τήν
1281 2206 1558 2286 θυγατέρα
1597 2206 1796 2282 ἐσθῆτι
1835 2205 1955 2265 δου-

358 2295 509 2373 ληίῃ,
532 2294 806 2371 ἐξέπεμπε
826 2293 911 2371 ἐπ’
932 2292 1077 2371 ὕδωρ
1104 2295 1347 2372 ἔχουσαν
1365 2292 1606 2370 ὖδρήῖον·
1635 2293 1955 2370 συνέπεμπε

359 2382 420 2440 δὲ
472 2383 563 2441 καὶ
616 2381 800 2444 ἄλλας
852 2383 1172 2459 παρθένους,
1225 2381 1508 2451 ἀπολέξας
1573 2381 1782 2459 ἀνδρῶν
1845 2385 1956 2442 τῶν

358 2468 601 2545 πρώτων,
629 2469 831 2546 ὁμοίως
858 2470 1206 2547 ἐσταλμένας
1230 2473 1301 2548 τῇ
1326 2473 1426 2529 τοῦ
1450 2471 1748 2546 βασιλέος·
1799 2470 1868 2534 ὥς
1894 2471 1954 2530 δὲ

357 2559 479 2636 βοῇ
530 2576 624 2618 τεϊ
646 2558 738 2616 καὶ
781 2558 1047 2636 κλαυθμῷ
1092 2561 1360 2634 παρῆσαν
1403 2561 1464 2617 αἱ
1505 2560 1772 2634 παρθένοι
1815 2559 1956 2619 κατοὶ

356 2644 489 2708 τούς
512 2646 771 2722 πατέρας,
800 2649 853 2704 οἱ
887 2648 991 2721 μὲν
1021 2643 1195 2703 ἄλλοι
1228 2646 1462 2722 πατέρες
1496 2646 1746 2720 ἀνεβόων
1772 2653 1835 2705 τἐ
1862 2647 1961 2704 καὶ

359 2731 701 2803 ἀντέκλαιον,
756 2732 1005 2810 ὁρέοντες
1055 2731 1128 2792 ‘ra‘-
1174 2733 1338 2792 τέκνα
1384 2733 1750 2809 κεκακωμένα·
1817 2731 1850 2792 ὅ
1896 2733 1956 2792 δὲ

358 2821 723 2898 Ψαμμήνιτος
761 2821 1002 2898 προϊδών
1036 2821 1128 2879 καὶ
1163 2820 1374 2897 μαθών,
1416 2820 1582 2896 ἔκυψε
1612 2824 1667 2882 ἐς
1695 2819 1799 2894 τὴν
1827 2823 1958 2898 γῆν·

357 2909 850 2987 παρεξελθουσέων
880 2909 941 2968 δὲ
979 2912 1089 2968 τῶν
1127 2906 1472 2984 ὖδροφόρων,
1500 2904 1727 2984 δεύτερά
1765 2909 1820 2965 οἱ
1859 2908 1959 2968 τόν

356 2997 533 3056 παῖδα
568 2998 779 3074 ἔπεμπε
812 2996 931 3073 μετ’
958 2995 1150 3055 ἄλλων
1182 2994 1497 3074 Αἰγυπτίων
1537 2993 1829 3072 δισχιλίων
1855 2995 1959 3070 τήν

358 3083 533 3160 αὖτήν
566 3084 792 3160 ἡλικίην
827 3083 1079 3162 ἐχόντων,
1106 3080 1237 3143 τοῦς
1264 3106 1327 3140 τε
1361 3078 1596 3158 αὐχένας
1627 3080 1778 3159 κάλῳ
1816 3081 1958 3140 δεδε-

358 3173 558 3247 μένους
590 3172 687 3231 καὶ
717 3171 789 3231 τὰ
832 3170 1091 3247 στόματα
1134 3168 1683 3250 ἐγκεχαλινωμένους·
1753 3169 1958 3250 ἅγοντο

359 3259 421 3320 δὲ
473 3257 675 3337 ποινὴν
724 3258 978 3322 τίσοντες
1019 3256 1414 3332 Μυτιληναίων
1453 3258 1606 3316 τοῖσι
1631 3260 1709 3316 ἐν
1753 3259 1961 3332 Μέμφι.
