2250 3500
284 131 375 179 326
890 131 1255 180 ἨΡΟΔΟΤΟΤ
1757 122 1881 188 [IV-

282 199 487 272 νίσκοι·
534 209 829 287 διαβάντες
868 209 929 270 δὲ
966 209 1069 271 τὸν
1107 209 1329 281 Τάναϊν,
1373 209 1706 287 ὁδοιπόρεον
1745 207 1890 286 πρὸς

285 301 451 376 ἥλιον
467 299 774 379 ἀνίσχοντα
794 302 961 375 τριῶν
980 301 1084 376 μὲν
1100 297 1141 375 ἦ
1142 297 1354 376 μερέων
1373 297 1485 358 οἷπό
1503 302 1604 357 τοῦ
1621 297 1890 362 Ταινάϊδος

288 388 434 463 ἆδόν,
462 393 630 465 τριῶν
671 388 732 446 δὲ
771 386 887 446 dm}
927 391 1028 464 τῆς
1061 388 1263 464 λίμνης
1287 391 1388 462 τῆς
1414 386 1726 462 Μαιήτιδος
1751 388 1892 464 πρὸς

285 478 473 554 βορῆν
498 476 720 554 ἄνεμον·
747 475 1073 553 ἀπικόμενοι
1100 476 1160 535 δὲ
1186 480 1242 538 ἐς
1265 479 1464 536 τοῦτον
1480 473 1582 534 τόν
1606 479 1804 553 χῶρον,
1835 481 1893 534 ἐν

285 569 363 644 τῷ
388 570 485 626 νῦν
512 566 879 640 κατοίκηνται,
910 565 1146 640 οἴκησαν
1169 567 1390 624 τοῦτον.
1451 563 1545 621 καὶ
1571 562 1752 642 διαίτῃ
1779 561 1891 635 οἷπό

286 655 489 713 τούτου
540 653 809 732 χρέωνται
848 655 921 730 τῇ
966 655 1185 730 παλαιῇ
1229 655 1341 711 τῶν
1387 651 1790 728 Σαυροματέων
1835 635 1893 711 αἱ

286 745 556 822 γυναῖκες,
586 741 678 799 καὶ
719 741 811 798 ἐπὶ
851 739 1028 816 θήρην
1067 740 1161 798 ἐπὶ
1197 739 1380 800 ἵππων
1406 742 1750 814 ἐκφοιτῶσαι
1777 738 1896 817 ἅμα

283 833 437 888 τοῖσι
462 827 699 906 ἀνδράσι
712 829 819 886 ,καὶ
844 827 1013 905 χωρὶς
1036 830 1148 887 τῶν
1173 825 1404 904 ἅνδρῶν,
1434 827 1526 884 καὶ
1557 831 1613 889 ἐς
1641 826 1897 904 πόλεμον

294 922 591 992 φοιτῶσαι,
610 916 701 974 καὶ
728 916 946 991 στολήν
970 915 1073 990 τὴν
1100 914 1274 990 αὐτὴν
1297 918 1450 974 τοῖσι
1471 913 1709 991 ἀνδράσι
1728 917 1897 992 φορέ-

199 1006 311 1065 117
334 1030 517 1063 ουσαι.
574 1007 737 1081 Φωνῇ
764 1002 823 1061 δὲ
850 1007 904 1062 οἳ
932 1003 1291 1080 Σαυρομάται
1315 1003 1608 1079 νομίζουσι
1633 1004 1896 1082 Σκυθικῇ,

293 1091 708 1162 σολοικίζοντες
748 1089 889 1168 αὐτῇ
916 1090 1029 1149 οἷπὸ
1069 1095 1172 1150 τοῦ
1199 1089 1452 1169 ἀρχαίου,
1483 1089 1603 1149 ἐπεὶ
1629 1089 1695 1149 οὗ
1720 1116 1897 1168 χρησ-

292 1184 399 1243 τῶς
426 1179 697 1256 ἐξέμαθον
723 1177 896 1254 αὗτὴν
930 1181 988 1237 αἱ
1025 1176 1347 1255 Ἀμαζόνες.
1426 1177 1498 1238 τοὶ
1539 1178 1668 1256 περὶ
1705 1179 1902 1259 γάμων

293 1267 353 1328 δὲ
381 1265 486 1326 ὧδέ
511 1273 625 1344 σφι
650 1266 941 1326 διακέεται·
972 1263 1037 1326 οὔ
1061 1267 1328 1346 γαμέεται
1354 1267 1628 1343 παρθένος
1653 1265 1899 1342 οὐδεμία,

296 1355 429 1433 πρὶν
461 1354 531 1417 ἂν
559 1359 670 1415 τῶν
700 1355 985 1432 πολεμίων
1020 1352 1193 1431 ἄνδρα
1228 1351 1546 1432 οἷποκτείνῃ·
1589 1356 1647 1412 αἱ
1673 1353 1732 1412 δέ
1757 1381 1903 1418 τινες

296 1443 503 1504 αὐτέων
544 1443 636 1502 καὶ
654 1433 981 1504 ,τελευτῶσι
1019 1442 1250 1522 γηραιαὶ
1295 1443 1428 1518 πρὶν
1471 1441 1786 1522 γήμασθαι,
1835 1441 1903 1502 οὗ

295 1531 593 1608 δυνάμεναι
617 1531 720 1593 τόν
745 1530 917 1607 νόμον
945 1533 1244 1605 ἐκπλῆσαι.

202 1621 318 1678 118
418 1618 551 1678 Ἐπὶ
582 1617 791 1678 τούτων
823 1617 897 1678 ὧν
920 1621 1032 1677 τῶν
1072 1617 1526 1697 καταλεχθέντων
1552 1617 1748 1678 ἐθνέων
1771 1617 1906 1680 τούς

293 1707 577 1783 βασιλέας
628 1705 968 1782 ἁλισμένους
1014 1703 1343 1782 ἀπικόμενοι
1393 1709 1504 1765 τῶν
1550 1706 1804 1770 Σκυθέων
1850 1709 1907 1766 οἱ

296 1793 549 1874 ἄγγελοι,
578 1794 775 1872 ἔλεγον
810 1792 1228 1856 ἐκδιδάσκοντες
1262 1792 1333 1857 ὥς
1368 1793 1400 1853 ὅ
1436 1795 1684 1872 Πέρσης,
1714 1795 1908 1871 ἐπειδή

298 1884 351 1940 οἱ
381 1879 453 1942 τοὶ
489 1885 547 1940 ἐν
575 1884 651 1959 τῇ
683 1878 893 1958 ἠπείρῳ
932 1883 1003 1959 τῇ
1048 1880 1207 1959 ἑτέρῃ
1247 1881 1432 1941 πάντα
1471 1882 1906 1959 κατέστραπται,

296 1968 550 2050 γέφυραν
590 1968 781 2041 ζεύξας
822 1968 913 2027 ἐπὶ
946 1972 1024 2047 τῷ
1062 1968 1256 2047 αὐχένι
1295 1974 1398 2029 τοῦ
1437 1969 1759 2047 Βοσπόρου,
1793 1970 1908 2029 δια·
1957 1998 1965 2005 ·

298 2059 520 2135 βέβηκε
561 2063 615 2122 ἐς
654 2057 817 2134 τήνδε
851 2057 955 2133 τὴν
989 2057 1240 2135 ἤπειρον·
1282 2058 1487 2134 διαβὰς
1519 2058 1594 2129 δὲ,
1623 2059 1714 2116 καὶ
1742 2070 1910 2118 κατα-

301 2146 686 2225 στρεψάμενος
738 2146 995 2224 Θρήϊκας,
1050 2148 1293 2226 γεφυροῖ
1348 2144 1604 2223 ποταμόν
1656 2144 1908 2223 Ἴστρον,

298 2235 653 2312 βουλόμενος
688 2236 781 2293 καὶ
815 2234 951 2293 τάδε
980 2232 1165 2293 πάντα
1193 2232 1287 2292 ὕπ’
1324 2236 1500 2313 ἑωυτῷ
1534 2234 1910 2309 ποιήσασθαι·

301 2331 339 2357 “
359 2321 517 2398 ὖμεῖς
558 2321 631 2382 ὧν
669 2322 867 2399 μηδενὶ
904 2320 1095 2400 τρόπῳ
1138 2325 1198 2379 ἐκ
1245 2326 1347 2382 τοῦ
1386 2322 1568 2397 μέσου
1610 2321 1913 2398 κατήμενοι

305 2409 587 2485 περιίδητε
621 2408 798 2485 ἡμέας
824 2408 1250 2485 διαφθαρέντας·
1290 2407 1444 2467 οἷλλοῖ
1469 2408 1646 2469 τῶυτὸ
1671 2408 1912 2485 νοήσαν-

299 2520 407 2565 τες,
435 2494 773 2572 ἀντιάζωμεν
792 2495 891 2556 τὸν
920 2496 1166 2557 ἐπιόντα.
1231 2495 1404 2557 οὔκων
1422 2496 1690 2572 ποιήσετε
1708 2502 1912 2567 ταῦτα;

300 2582 461 2661 ἡμεῖς
506 2584 611 2661 μὲν
653 2582 986 2659 πιεζόμενοι,
1032 2582 1068 2660 ἢ
1114 2585 1447 2663 ἐκλείψομεν
1493 2585 1597 2662 τὴν
1643 2585 1836 2664 χώρην
1877 2586 1916 2663 ἦ

302 2672 562 2748 μένοντες
598 2672 875 2753 ὁμολογίῃ
907 2672 1259 2751 χρησόμεθα,
1291 2674 1372 2753 (τί
1391 2672 1503 2754 γοῖρ
1540 2672 1806 2750 πάθωμεν
1833 2674 1916 2752 μή

300 2760 667 2837 βουλομένων
712 2759 893 2836 ὖμέων
934 2761 1221 2837 τιμωρέειν
1240 2762 1278 2840 3)
1333 2760 1466 2838 ὖμῖν
1507 2762 1567 2821 δὲ
1615 2760 1773 2821 οὐδὲν
1823 2757 1919 2821 ἐπὶ

301 2846 478 2924 τούτῳ
512 2849 669 2905 ἔσται
699 2846 1100 2925 ἐλαφρότερον·
1141 2846 1264 2923 ἥκει
1293 2849 1403 2930 γὰρ
1431 2849 1463 2909 ὅ
1491 2851 1724 2926 Πέρσης
1757 2849 1922 2911 οὐδέν

303 2956 359 2988 τι
398 2936 627 3006 μᾶλλον
668 2933 753 2991 ἐπ’
784 2934 960 3009 ήμέας
995 2934 1032 3010 ἢ
1073 2934 1141 2993 οὗ
1183 2937 1276 2995 καὶ
1315 2938 1408 2996 ἐπὶ
1447 2936 1638 3015 ὖμέας·
1694 2937 1829 2997 οὐδέ
1863 2942 1920 2998 οἱ

306 3019 649 3095 καταχρήσει
701 3019 878 3096 ἡμέας
931 3027 1442 3104 καταστρεψαμένῳ
1487 3026 1669 3102 ὑμέων
1713 3024 1918 3105 ἀπέχε-

304 3102 459 3159 σθαι.
542 3107 689 3184 μέγα
726 3107 785 3164 δὲ
825 3107 957 3182 ὑμῖν
997 3109 1185 3189 λόγων
1216 3113 1389 3171 τῶνδε
1427 3112 1736 3191 μαρτύριον
1770 3115 1920 3191 ἐρέο-

304 3208 425 3253 μεν·
468 3192 515 3244 εἶ
542 3191 651 3268 γὰρ
682 3192 764 3249 ἐπ’
789 3192 965 3267 ήμέας
1002 3196 1240 3272 μούνους
1268 3200 1680 3278 ἐστρατηλάτεε
1708 3200 1741 3261 ὁ
1767 3203 1922 3280 Πέρ-

305 3287 427 3336 σης,
453 3272 725 3332 τίσασθαι
764 3281 865 3349 τῆς
902 3282 1121 3354 πρόσθε
1161 3284 1509 3365 δουλοσύνης
1542 3289 1920 3365 βουλόμενος,
