2250 3500
314 146 333 193 l
344 142 593 208 76-181]
947 148 1270 197 ΕΤΤΕΡΠῙῙ.
1817 144 1908 196 197

306 222 505 285 ’Ἰώνων
538 227 644 303 μὲν
672 226 813 290 Χίος
847 226 941 285 καὶ
972 228 1117 291 Τέως
1161 228 1252 287 καὶ
1294 225 1518 286 Φώκαια
1561 225 1654 285 καὶ
1685 224 1908 295 Κλαζο-

308 313 487 386 μεναί·
543 314 797 391 Δωριέων
832 314 893 373 δὲ
933 313 1125 378 Ῥόδος
1160 316 1252 373 καὶ
1285 313 1492 376 Κνίδος
1525 314 1618 373 καὶ
1647 312 1908 388 Ἀλικαρ-

307 399 523 476 νησσός
565 402 658 460 καὶ
704 401 978 478 Φάσηλις·
1046 402 1296 462 Αἰολέων
1337 401 1398 460 δὲ
1437 400 1474 476 ἦ
1516 400 1909 475 Μυτιληναίων

306 487 505 565 μούνη.
586 488 795 549 τούτων
844 490 950 566 μέν
1004 494 1130 550 ἐστι
1177 492 1348 550 τοῦτο
1397 487 1463 548 τό
1517 488 1758 564 τέμενος,
1813 487 1907 547 καὶ

307 574 631 652 προπότας
681 580 784 636 τοῦ
837 578 1105 655 ἐμπορίου
1151 573 1316 636 αὗται
1371 576 1430 635 αἶ
1472 574 1639 636 πόλις
1686 573 1797 633 εἶσὶ
1849 576 1908 633 αἱ

308 664 675 741 παρέχουσαι·
745 662 880 725 ὅσαι
921 665 982 725 δὲ
1026 663 1204 725 ἄλλαι
1253 662 1422 726 πόλις
1470 663 1908 740 μεταποιεῦνται,

310 749 468 810 οὐδέν
495 758 608 828 σφι
631 752 831 828 μετεὸν
865 756 1309 829 μεταποιεῦνται.
1388 750 1557 830 χωρὶς
1582 748 1658 819 δὲ,
1686 751 1910 828 Αἰγινῆ-

308 862 405 897 ται
440 838 523 899 ἐπ’
564 843 778 900 ἑωυτῶν
821 840 1117 917 ἱδρύσαντο
1156 839 1384 916 τέμενος
1427 837 1582 907 Διός,
1620 836 1712 896 καὶ
1753 834 1902 895 ἀλλο

312 923 533 1001 Σάμιοι,
548 926 750 1005 Ἠρης,
779 928 872 987 καὶ
897 927 1196 1004 Μιλήσιοι,
1223 926 1603 989 Ἀπόλλωνος.
1661 922 1783 985 Ἠν
1809 922 1868 983 δέ
1887 924 2000 985 179

309 1011 377 1072 τό
402 1013 649 1075 παλαιόν
682 1015 862 1092 μούνη
901 1015 941 1091 ἤ
972 1015 1292 1093 Ναύκρατις
1329 1013 1612 1092 ἐμπόριον,
1639 1014 1732 1072 καὶ
1757 1010 1906 1071 ἄλλο

311 1098 469 1161 οὐδὲν
494 1101 803 1183 Αἰγύπτου·
845 1105 895 1162 εἰ
918 1102 983 1163 δέ
1002 1129 1086 1166 τις
1112 1108 1170 1166 ἐς
1201 1106 1312 1163 τῶν
1337 1127 1394 1163 τι
1429 1100 1580 1162 ἄλλο
1612 1098 1908 1178 στομάτων

310 1191 410 1247 τοῦ
443 1191 657 1250 Νείλου
694 1190 967 1262 ἀπίκοιτο,
994 1195 1142 1270 χρῆν
1175 1189 1388 1267 ὀμόσαι
1417 1189 1539 1267 “V-⁷)
1575 1190 1680 1266 μὲν
1713 1187 1909 1249 ἐκόντα

313 1276 547 1336 ἐλθεῖν·”
596 1276 966 1355 ἀπομόσαντα
1002 1279 1078 1348 δὲ,
1110 1282 1185 1357 τῇ
1221 1278 1312 1353 νηῒ
1351 1276 1492 1356 αὐτῇ
1527 1276 1718 1335 πλέειν
1750 1281 1804 1339 ἐς
1838 1274 1906 1335 τό

312 1364 667 1441 Κανωβικόν·
726 1363 765 1441 ἣ
805 1370 855 1426 εἰ
893 1365 977 1443 μή
1017 1391 1087 1448 γε
1131 1364 1223 1425 οἷά
1263 1389 1327 1424 τε
1367 1365 1451 1439 εἴη
1491 1361 1632 1441 πρός
1672 1362 1908 1438 ἀνέμους

310 1448 529 1516 ἀντίους
562 1454 770 1524 πλέειν,
796 1453 869 1514 vot
909 1454 1119 1531 φορτία
1151 1452 1266 1512 ἐδεε
1295 1450 1577 1532 περιάγειν
1609 1454 1667 1509 ἐν
1703 1448 1910 1525 βάρισι

313 1540 439 1615 περὶ
478 1540 546 1600 τὰ
591 1542 801 1611 Δέλτα,
837 1542 1007 1621 μέχρι
1050 1536 1117 1601 οὗ
1166 1539 1422 1600 ἀπίκοιτο
1469 1544 1524 1601 ἐς
1568 1536 1907 1614 Ναύκρατιν.

311 1625 451 1685 οὕτω
490 1630 595 1706 μὲν
630 1628 699 1704 δὴ
732 1628 1049 1707 Ναύκρατις
1076 1628 1379 1707 ἐτετίμητο.
1449 1624 1868 1705 Ἀμφικτυόνων
1887 1626 2002 1684 180

310 1711 371 1772 δὲ
409 1714 817 1792 μισθωσάντων
856 1716 958 1778 τᾶν
1000 1722 1060 1790 ἐν
1103 1719 1394 1790 Δελφοῖσι
1434 1719 1531 1777 νῦν
1573 1713 1734 1776 ἐόντα
1772 1712 1907 1791 νηόν

307 1805 641 1879 τριηκοσίων
666 1805 953 1867 ταλάντων
981 1805 1415 1888 ἐξεργάσασθαι·
1456 1805 1490 1866 ὅ
1506 1804 1618 1887 γὰρ
1637 1801 1907 1881 πρότερον

310 1888 415 1950 εἰιῖν
458 1891 653 1953 αὐτόθι
693 1892 1015 1972 αὐτομάτως
1059 1893 1316 1970 κατεκάη·
1369 1893 1500 1956 τούς
1542 1890 1806 1968 Δελφοῦς
1846 1891 1907 1950 δὲ

310 1979 602 2055 ἐπέβαλλε
619 1981 1051 2060 τεταρτημόριον
1069 1985 1171 2040 τοῦ
1190 1979 1554 2057 μισθώματος
1571 1981 1907 2056 παρασχεῖν·

306 2067 663 2145 πλανώμενοι
687 2069 747 2128 δὲ
774 2072 827 2129 οἱ
848 2069 1072 2146 Δελφοὶ
1097 2068 1228 2144 περὶ
1252 2066 1352 2129 τὰς
1375 2065 1544 2128 πόλις
1570 2065 1908 2135 ἐδωτίναζον,

307 2159 586 2219 ποιεῦντες
611 2156 672 2216 δὲ
696 2160 864 2217 τοῦτο
900 2155 1000 2216 οὐκ
1034 2154 1340 2234 ἐλάχιστον
1379 2152 1443 2223 ἐξ
1464 2151 1749 2233 Αἰγύπτου
1777 2151 1908 2210 ἐνεί-

306 2267 495 2302 καντο·
527 2241 776 2320 ’Ἄμασις
799 2247 904 2320 μὲν
927 2243 1037 2324 γάρ
1059 2249 1174 2319 σφι
1200 2241 1361 2301 ἔδωκε
1386 2241 1550 2319 χίλια
1568 2239 1908 2316 στυπτηρίης

304 2327 573 2400 τάλαντα,
601 2334 655 2390 οἳ
682 2331 741 2390 δὲ
768 2337 827 2392 ἐν
852 2330 1115 2411 Αἰγύπτῳ
1143 2328 1410 2393 οἰκέοντες
1425 2326 1704 2404 Ἕλληνες
1730 2327 1909 2387 εἴκοσι

305 2416 491 2488 μνέας.

389 2505 761 2582 Κυρηναίοισι
802 2506 863 2566 δὲ
893 2505 1146 2583 Ἀμασις
1185 2504 1464 2582 φιλότητά
1503 2531 1567 2566 τε
1609 2505 1702 2564 καὶ
1727 2531 1868 2582 συμ-
1887 2505 1998 2564 181

305 2591 517 2669 μαχίην
542 2593 908 2670 συνεθήκατο·
938 2593 1225 2654 ἐδικαίωσε
1251 2593 1312 2652 δὲ
1337 2595 1430 2653 καὶ
1453 2597 1635 2674 γῆμαι
1661 2591 1908 2660 αὐτόθεν,

307 2677 405 2737 εἴτ’
432 2679 782 2758 ἐπιθυμήσας
805 2680 1139 2756 Ἑλληνίδος
1169 2679 1430 2762 γυναικός
1469 2681 1578 2739 εἴτε
1605 2679 1696 2736 καὶ
1722 2678 1910 2740 ἄλλως

309 2765 614 2843 φιλότητος
650 2768 979 2847 Κυρηναίων
1015 2769 1214 2828 εἵνεκα·
1252 2768 1451 2849 γαμέει
1487 2765 1534 2824 δ’
1577 2763 1667 2834 ὧν,
1713 2767 1768 2822 οἱ
1805 2766 1909 2840 μὲν

303 2853 543 2934 λέγουσι
573 2854 816 2927 Βάττεω,
844 2858 899 2916 οἱ
939 2853 987 2914 δ’
1028 2854 1371 2933 Ἀρκεσίλεω
1414 2852 1707 2933 θυγατέρα,
1753 2854 1806 2910 οἱ
1848 2851 1909 2909 δὲ

306 2941 723 3018 Κριτοβούλου,
752 2941 949 3020 ἀνδρὸς
975 2947 1086 3003 τῶν
1112 2942 1303 3002 ἀστῶν
1327 2939 1574 3016 δοκίμου,
1600 2943 1672 3018 τῇ
1699 2937 1908 3015 οὕνομα

304 3027 377 3104 ἦν
426 3030 663 3109 Λαδίκῃ·
738 3035 810 3114 τῇ
865 3029 991 3090 ἐπεί
1036 3055 1100 3090 τε
1153 3027 1513 3109 συγκλίνοιτο
1566 3025 1597 3087 ὅ
1642 3026 1905 3103 Ἄμασις,
1981 3037 1986 3042 '

304 3115 624 3198 μίσγεσθαι
671 3117 770 3179 οὔκ
820 3117 936 3180 οἶός
975 3143 1039 3177 τε
1088 3117 1324 3197 ἐγένετο·
1391 3119 1528 3192 τῇσι
1579 3114 1638 3173 δὲ
1691 3112 1908 3191 ἄλλῃσι

304 3205 527 3285 γυναιξὶ
560 3210 783 3285 ἐχρᾶτο·
842 3203 967 3264 ἐπεί
1002 3229 1065 3264 τε
1108 3204 1171 3262 δὲ
1208 3200 1432 3261 πολλόν
1471 3205 1637 3260 τοῦτο
1681 3202 1906 3283 ἐγίνετο,

309 3289 433 3351 εἶπε
451 3291 484 3351 ὅ
498 3290 750 3370 Ἀμασις
768 3290 911 3368 πρὸς
928 3289 1030 3366 τὴν
1048 3289 1296 3364 Λαδίκην
1320 3288 1524 3364 ταύτην
1544 3289 1906 3366 καλεομένην·
