2250 3500
356 147 574 213 ιιι-26]
1058 149 1288 202 mmo.
1638 159 1653 182 ·
1894 151 1955 202 ιι

357 228 524 289 αὐτόν
557 233 616 288 ἐν
643 231 718 306 τῇ
753 231 930 306 σκευῇ
961 227 1122 308 πάσῃ
1158 229 1367 290 στάντα
1404 233 1463 290 ἐν
1492 232 1649 290 τοῖσι
1680 229 1963 290 ἐδωλίόισι

359 314 565 375 ἀεῖσαι·
606 314 802 377 ἀείσας
831 315 892 374 δὲ
921 314 1217 376 ὑπεδέκετο
1250 315 1445 377 ἐωυτόν
1482 315 1959 398 κατεργάσασθαι·

361 404 452 461 καὶ
469 405 623 463 τοῖσι
642 403 895 462 ἐσελθεῖν
913 402 1022 484 γὰρ
1041 403 1247 480 ήδονὴν
1266 407 1315 462 εἶ
1331 405 1599 480 μέλλοιεν
1616 401 1963 464 ἀκούσεσθαι
2004 463 2011 470 ,

358 493 458 548 τοῦ
489 488 731 566 ,ἀρίστου
770 487 1070 567 ἀνθρώπων
1111 490 1319 560 ἀοιδοῦ,
1360 489 1720 569 ἀναχωρῆσαι
1761 495 1821 550 ἐκ
1858 493 1961 566 τῆς

359 575 610 655 πρύμνης
635 581 692 640 ἐς
719 577 904 654 μέσην
925 577 1042 637 νέα·
1081 577 1181 638 τόν
1206 577 1265 636 δὲ
1300 577 1525 638 ἐνδύντα
1553 603 1617 639 τε
1641 581 1835 638 πᾶσαν
1856 577 1961 653 τὴν

361 663 568 739 σκευὴν
608 663 700 722 καὶ
737 662 998 739 λαβόντα
1032 663 1139 741 τήν
1178 663 1426 742 κιθάρην,
1460 662 1675 725 στάντα
1712 668 1771 724 ἐν
1806 667 1961 725 τοῖσι

361 750 640 824 ἑδωλίοισι
676 749 976 819 διεξελθεῖν
1009 749 1182 828 νόμον
1214 749 1315 812 τόν
1348 749 1557 828 ὄρθιον·
1597 753 1963 813 τελειπῶντος

361 835 424 895 δὲ
453 840 554 896 τοῦ
582 835 770 914 νόμου,
795 837 956 916 ῥίψαι
985 863 1083 914 μιν
1116 842 1173 901 ἐς
1201 837 1305 913 τήν
1330 837 1635 898 θάλασσαν
1666 834 1867 896 ἐωυτὸν
1891 833 1963 900 ὥς

363 922 482 1002 εἶχε
513 923 618 985 σῦν
645 928 720 1004 τῇ
752 927 928 1003 σκενῇ
953 924 1133 1004 πάσῃ·
1176 926 1269 984 καὶ
1297 925 1426 989 τοῦς
1449 927 1553 1002 μὲν
1576 923 1882 984 ἀποπλέειν
1906 927 1963 988 ἐς

363 1009 658 1089 Κόρινθον·
696 1011 796 1073 τόν
821 1011 897 1082 δὲ,
924 1011 1165 1088 δελφῖνα
1188 1011 1425 1092 λέγουσι
1454 1010 1825 1087 ὑπολαβόντα
1848 1009 1962 1081 ἐξε-

360 1101 534 1158 νεῖκαι
570 1099 663 1158 ἐπὶ
693 1098 986 1174 Ταίναρον·
1025 1097 1325 1176 ἀποβάντα
1356 1098 1417 1158 δὲ
1450 1097 1615 1160 αὐτόν
1645 1099 1871 1178 χωρέειν
1904 1101 1961 1161 ἐς

363 1182 641 1262 Κόρινθον
666 1184 772 1246 σῦν
804 1189 879 1265 τῇ
911 1189 1088 1264 σκενῇ
1114 1185 1209 1244 καὶ
1243 1183 1577 1261 ἀπικόμενον
1612 1185 1959 1266 ἀπηγέεσθαι

361 1275 474 1332 πᾶν
491 1272 558 1333 vd
581 1271 828 1353 γεγονός·
863 1272 1207 1350 Περίανδρον
1230 1271 1291 1332 δὲ
1312 1270 1425 1332 ὕπό
1448 1271 1711 1349 ἀπιστίης
1733 1270 1961 1349 Ἀρίονα

362 1360 468 1433 μὲν
483 1363 542 1418 ἐν
559 1362 788 1437 φυλακῇ
806 1359 952 1436 ἔχειν
972 1357 1189 1438 σῦδαμῇ
1207 1358 1477 1436 μετιέντα,
1498 1357 1711 1423 α’νακῶς
1728 1358 1788 1418 δὲ
1814 1359 1961 1438 ἔχειν

362 1447 483 1504 τῶν
491 1444 800 1522 πορθμέων·
835 1443 907 1509 ὥς
931 1445 991 1505 δὲ
1017 1443 1127 1523 ἄρα
1150 1447 1405 1522 παρεῖναι
1424 1443 1636 1516 αὐτοῦς,
1658 1445 1962 1521 κληθέντας

363 1532 720 1609 ἱστορέεσθαι
746 1531 798 1596 ,εἴ
821 1556 880 1590 τι
903 1533 1124 1614 λέγοιεν
1153 1531 1283 1609 περὶ
1305 1530 1573 1608 Ἀρίονος·
1616 1531 1877 1608 φαμένων
1900 1531 1962 1591 δὲ

364 1619 580 1680 ἐκείνων
604 1617 676 1682 ὦς
701 1618 785 1695 εἴη
801 1643 866 1678 τε
889 1622 1004 1682 σῶς
1027 1619 1157 1697 περὶ
1178 1617 1442 1694 Ἰταλίην,
1464 1619 1561 1678 καί
1578 1643 1677 1695 μιν
1702 1615 1761 1677 εὖ
1780 1617 1961 1695 πρήσ-

363 1729 540 1767 σοντα
556 1705 776 1767 λίποιεν
793 1710 852 1767 ἐν
869 1704 1124 1783 Τάραντι,
1144 1705 1486 1783 ἐπιφανῆναί
1497 1712 1611 1783 σφι
1624 1703 1723 1767 τόν
1736 1703 1963 1784 Ἀρίονα

365 1792 552 1871 ὥσπερ
591 1794 732 1873 ἔχων
769 1792 1097 1869 ἐξεπήδησε·
1138 1794 1232 1853 καὶ
1268 1793 1411 1865 τούς,
1445 1793 1821 1874 ἐκπλαγέντας
1861 1792 1961 1853 οὐκ

365 1880 508 1958 ἔχειν
553 1881 634 1941 ἔτι
677 1880 1080 1960 ἐλεγχομένους
1121 1879 1435 1958 ἆρνέεσθαι.
1489 1884 1666 1941 ταῦτα
1713 1882 1817 1957 μέν
1866 1905 1963 1941 νυν

365 1967 659 2043 Κορίνθιοί
674 1992 738 2027 τε
761 1968 856 2025 καὶ
877 1967 1127 2043 Λέσβιοι
1156 1967 1409 2047 λέγουσι·
1452 1968 1545 2027 καὶ
1566 1960 1817 2044 Ἀρίοῖιός
1840 1969 1965 2025 ἐστι

363 2051 622 2130 ἀνάθημα
644 2052 890 2133 χάλκεον
913 2053 978 2115 οὗ
1001 2056 1151 2136 μέγα
1176 2054 1266 2115 ἐπὶ
1290 2052 1557 2132 Ταινάρῳ,
1584 2052 1675 2112 ἐπὶ
1700 2052 1963 2128 δελφῖνος

365 2139 538 2199 ἐπεών
559 2138 860 2217 ἅνθρωπος.

442 2225 752 2304 Ἀλυάττης
775 2227 835 2287 δὲ
851 2225 883 2287 ὁ
897 2224 1079 2289 Λυδὰς
1095 2224 1196 2285 τόν
1212 2223 1353 2303 πρὸς
1371 2224 1693 2299 Μιλησίους
1709 2222 1961 2301 πόλεμον
1977 2226 2056 2285 25

363 2312 638 2384 διενείκας,
677 2314 974 2391 μετέπειτα
1005 2315 1243 2391 τελευτᾷ
1270 2310 1627 2387 βασιλεύσας
1662 2310 1785 2370 ἔτεα
1822 2310 1963 2371 ἑπτὰ

363 2400 454 2459 καὶ
491 2399 851 2475 πεντήκοντα.
931 2398 1164 2476 ανέθηκε
1204 2399 1265 2459 δὲ
1306 2397 1561 2479 ἐκφυγων
1596 2398 1701 2474 τήν
1738 2402 1959 2468 νοῦσον,

362 2486 610 2565 δεύτερος
629 2484 789 2551 οὗτος
810 2490 913 2561 τῆς
933 2487 1106 2561 οἰκίης
1123 2484 1327 2562 ταύτης
1346 2492 1402 2549 ἐς
1426 2486 1691 2562 Δελφσυς
1715 2485 1965 2564 κρητῆρά

359 2597 424 2632 τε
447 2572 715 2683 ἀργύρεον
737 2574 916 2655 μέγαν
941 2574 1034 2633 καὶ
1063 2572 1523 2651 ὑποκρητηρίδιον
1546 2572 1806 2650 σιδήρεον
1831 2578 1961 2632 κολ-

359 2659 551 2735 λητον,
570 2660 700 2736 θέης
718 2659 873 2730 ἄξιον
891 2658 982 2719 δια
999 2658 1219 2720 πάντων
1233 2663 1343 2719 τῶν
1369 2664 1426 2719 ἐν
1448 2663 1737 2735 Δελφοισι
1760 2659 1961 2734 αναθη-

358 2746 563 2824 μάτων,
608 2746 865 2807 Γλαύκου
906 2749 1007 2807 τοῦ
1051 2747 1195 2805 Χίου
1241 2746 1475 2823 ποίημα·
1528 2745 1591 2809 ὃς
1638 2751 1843 2823 μοῦνος
1890 2744 1961 2820 δή

359 2833 580 2895 πάντων
602 2833 902 2912 ἀνθρώπων
927 2830 1161 2910 σιδήρου
1186 2832 1464 2907 κόλλησιν
1489 2832 1691 2910 ἐξεῦρε.

441 2920 889 2997 Τελευτήσαντος
921 2919 980 2979 δὲ
1003 2918 1319 2979 Ἀλυάττεω
1352 2918 1633 2989 ἐξεδέξατο
1662 2916 1766 2990 τὴν
1789 2916 1961 2992 βασι·
1978 2920 2057 2979 26

361 3007 529 3083 ληΐην
555 3010 804 3084 Κροῖσος
828 3006 860 3065 ὁ
885 3004 1216 3074 Ἀλυάττεω,
1239 3006 1398 3065 ἐτέων
1424 3004 1525 3064 ἐῶν
1548 3003 1774 3079 ἡλικίην
1798 3004 1961 3065 πέντε

362 3095 456 3153 καὶ
485 3093 796 3171 τριήκοντα·
838 3092 902 3155 ὃς
931 3092 1000 3167 δὴ
1033 3090 1321 3166 Ἑλλήνων
1351 3089 1625 3173 πρώτοισι
1657 3090 1964 3166 ἐπεθήκατο

359 3179 706 3257 Ἐφέσιοισι.
789 3180 920 3239 ἔνθα
944 3177 1012 3253 δὴ
1033 3180 1086 3237 οἱ
1107 3176 1369 3252 Ἐφέσιοι
1393 3174 1849 3252 πολιορκεόμενοι
1872 3177 1963 3236 ὑπ’

361 3266 550 3335 αὐτοῦ,
575 3264 847 3325 ἀνέθεσαν
868 3264 973 3339 τὴν
996 3262 1166 3322 πόλιν
1188 3264 1261 3338 τῇ
1278 3258 1559 3336 Ἀρτέμιδι
1579 3259 1877 3339 ἐξάψαντες
1903 3266 1965 3320 ἐκ
