2250 3500
347 109 440 156 160
777 155 782 160 ,
952 103 1319 157 mmmmm·
1841 103 1943 170 [11.

345 188 562 269 ἐγένετο
603 191 662 246 ἐν
699 190 777 266 τῷ
811 186 1039 267 Αἰγαίῳ,
1079 184 1388 256 ἐξῶσται”’
1350 209 1546 263 ανεμοι
1586 184 1949 262 ἐκβάλλουσι

343 280 400 338 ἐς
422 275 489 335 τὸ
516 273 826 355 Αἰγύπτιον
855 275 1124 356 πέλαγος·
1168 274 1419 334 ἐνθεῦτεν
1454 273 1516 333 δὲ
1543 273 1633 353 (οὗ
1668 300 1781 355 γαρ
1809 274 1948 336 ἀνίει

342 389 416 423 τα
395 360 815 442 πνεύματα)’
778 361 1095 422 απικνέεται
1128 367 1183 425 ἐς
1209 362 1511 442 Αἴγυπτον,
1538 361 1631 420 καὶ
1656 360 1949 468 Αἰγύπτου

345 454 402 514 ἐς
426 449 494 510 τὸ
519 453 616 510 νῦν
636 448 974 527 Κανωβικόν
999 447 1342 524 καλεύμενον
1369 447 1558 525 στόμα
1581 452 1683 509 τοῦ
1711 449 1946 521 Necnon,

345 537 440 597 καὶ
470 542 527 602 ἐς
565 538 878 617 Ταριχείας·
918 535 991 612 ἦν
1031 537 1092 596 δὲ
1132 536 1226 596 ἐπὶ
1264 539 1367 612 τῆς
1403 533 1593 612 ἠϊόνος
1618 534 1676 616 (ὃ
1716 537 1810 596 καὶ
1848 541 1948 599 νῧν

345 626 492 706 ἐστι)
516 624 829 703 Ἡρακλέος
869 622 1007 701 ἱρὸν,
1045 628 1100 688 ἐς
1137 622 1205 684 τὰ
1244 620 1315 699 ἢν
1354 623 1693 704 καταφυγὼν
1732 625 1947 701 οἰκέτης

343 712 480 794 ὅτεῳ
532 711 834 789 ἀνθρώπων
879 710 1225 788 ἐπιβάληται
1270 710 1558 791 στίγματα
1604 711 1698 789 ἱριὶ
1746 712 1947 773 ἐωυτόν

345 801 524 865 διδούς
547 803 624 879 τῷ
649 801 772 879 θεῷ,
801 797 901 859 οὐκ
927 798 1110 868 ἔξεστι
1135 797 1337 859 τούτου
1362 798 1639 876 ἅψασθαι.
1701 798 1758 879 (ὅ
1777 799 1946 876 νόμος

347 886 508 952 οὗτος
564 887 833 947 διατελέει
883 884 988 947 ἐῶν
1040 885 1237 963 ὁμοῖος
1292 886 1465 966 μέχρι
1524 890 1657 964 ἐμεῦ
1713 890 1791 966 τῷ
1845 885 1945 948 ἀπ’

345 974 575 1056 α’ρχῆς.)
640 977 741 1036 τοῦ
777 973 852 1033 ὧν
887 972 956 1049 δή
990 972 1367 1057 Ἀλεξάνδρου
1406 972 1742 1034 ἀπιστέαται
1786 974 1943 1052 θερά-

343 1087 542 1125 ποντες
581 1061 889 1138 πυθόμενοι
922 1059 1024 1122 τόν
1066 1063 1197 1139 περὶ
1237 1061 1304 1122 τὰ
1349 1060 1470 1139 ἱρὸν
1512 1062 1714 1141 ἔχοντα
1754 1062 1944 1140 νόμον,

343 1150 517 1210 ἱκέται
557 1149 618 1208 δὲ
657 1149 898 1226 ἱζόμενοι
936 1152 1036 1209 τοῦ
1071 1149 1220 1221 θεοῦ,
1254 1146 1593 1230 κατηγόρεον
1626 1153 1726 1209 τοῦ
1750 1148 1944 1220 ’Amf-

342 1237 543 1316 άνδρου
594 1235 940 1314 βουλόμενοι
983 1235 1268 1313 βλάπτειν
1320 1236 1505 1307 αὐτὸν,
1546 1236 1729 1298 πάντα
1749 1236 1945 1319 λόγον

342 1324 696 1407 ἐξηγεύμενοι
723 1324 794 1388 ὥς
821 1325 938 1406 εἶχε
971 1325 1102 1403 περὶ
1130 1323 1236 1401 τήν
1264 1323 1502 1400 Ἑλένην
1536 1351 1601 1385 τε
1632 1326 1725 1385 καὶ
1759 1325 1863 1402 τὴν
1886 1330 1945 1390 ἐς

343 1413 637 1474 Μενέλεων
677 1411 912 1490 ἀδικίην·
983 1411 1321 1493 κατηγόρεον
1352 1412 1422 1471 δὲ
1473 1415 1652 1493 ταῦτα
1696 1414 1839 1489 πρός
1880 1439 1945 1474 τε

338 1501 469 1566 τούς
511 1501 657 1578 ἱρέας
699 1501 792 1560 καὶ
824 1501 925 1561 τὸν
965 1504 1070 1560 τοῦ
1110 1497 1396 1576 στόματος
1428 1497 1629 1560 τούτου
1666 1501 1941 1576 φύλακον,

251 1590 364 1647 114
380 1593 458 1668 τῷ
484 1588 698 1665 οὕνομα
722 1586 792 1663 ἦν
818 1592 1012 1652 Θῶνις.
1079 1586 1361 1651 Ἀκούσας
1387 1586 1448 1646 δὲ
1472 1586 1683 1649 τούτων
1710 1587 1743 1648 ὅ
1768 1593 1944 1654 Θῶνις

339 1676 547 1753 πέμπει
599 1675 703 1751 τήν
758 1675 1036 1755 ταχίστην
1089 1679 1145 1738 ἐς
1198 1676 1438 1753 Μέμφιν
1494 1675 1649 1754 παρὰ
1706 1678 1944 1755 Πρωτέα

341 1764 626 1845 οἷγγελίην,
667 1763 951 1843 λέγουσαν
988 1762 1140 1823 τάδε·
1204 1773 1239 1799 “
1248 1762 1370 1839 ἥκει
1410 1764 1602 1835 ξεῖνος,
1641 1764 1801 1846 γένος
1836 1768 1944 1844 μὲν

341 1850 596 1929 Τευκρός,
623 1851 786 1931 ἔργον
822 1850 882 1910 δὲ
921 1848 1151 1912 σ’,νόσιον
1192 1854 1251 1911 ἐν
1287 1855 1361 1930 τῇ
1398 1851 1639 1912 Ἑλλάδι
1678 1852 1943 1935 ἐξεργασ-

340 1937 522 2017 μένος·
607 1938 786 2009 ξείνου
841 1937 952 2019 γσῖρ
995 1942 1116 2022 ,τοῦ
1172 1941 1372 1999 ἑωυτοῦ
1430 1938 1788 2016 ἐξαπατήσας
1836 1943 1943 2019 τήν

339 2029 590 2108 γυναῖκα,
646 2024 821 2103 αὐτήν
869 2051 934 2087 τε
973 2025 1184 2102 ταύτην
1227 2023 1377 2107 ἄγων
1426 2024 1551 2102 ἥκει
1604 2027 1697 2085 καὶ
1746 2026 1943 2089 πολλὰ

340 2113 518 2193 κάρτα
555 2113 834 2195 χρήματα,
867 2113 978 2175 ὕπὸ
1019 2112 1234 2191 ἀνέμων
1274 2118 1330 2176 ἐς
1365 2116 1477 2193 γῆν
1513 2113 1619 2190 τήν
1657 2114 1770 2191 σὴν
1808 2115 1941 2176 α’πε-

339 2204 590 2282 νειχθείς.
675 2202 874 2280 κότερα
925 2203 1066 2279 δῆτα
1121 2203 1322 2263 τοῦτον
1375 2204 1551 2278 ἐῶμεν
1601 2202 1802 2263 σ’,σινέα
1854 2208 1941 2264 ἐκ·

340 2292 549 2361 πλέειν,
589 2288 626 2365 ἢ
668 2290 1012 2366 ἀφελώμεθα
1049 2288 1120 2349 τά
1169 2290 1311 2370 ἔχων
1347 2288 1553 2365 ἦλθε;”
1608 2290 1942 2370 ἀντιπέμπει

337 2377 478 2453 πρὸς
501 2380 677 2437 ταῦτα
703 2377 736 2436 ό
756 2377 1016 2453 Πρωτεύς
1039 2378 1281 2459 λέγοντα
1303 2377 1455 2437 τάδε·
1482 2377 1697 2456 ((ἅνδρα
1721 2383 1937 2451 τοῦτον,

339 2463 496 2527 ὅστις
529 2464 660 2524 κοτέ
691 2468 816 2525 ἐστι
850 2464 1054 2525 οἷνόσια
1093 2466 1439 2547 ἐργασμένος
1476 2466 1656 2536 ξεῖνον
1680 2466 1782 2527 τὸν
1814 2471 1939 2527 ἐωυ-

337 2553 455 2621 τοῦ,
497 2550 891 2628 συλλαβόντες
926 2551 1173 2634 ἀπάγετε
1209 2552 1340 2631 παρ’
1381 2555 1495 2631 ἐμὲ,
1540 2554 1629 2615 ἵνα
1660 2554 1785 2613 εἶδῶ
1816 2554 1848 2615 ὅ
1881 2580 1941 2616 τι

248 2642 358 2700 115
379 2640 508 2699 κοτὲ
571 2640 662 2699 καὶ
714 2638 916 2709 λέξει.”
994 2638 1275 2705 Ἀκούσας
1328 2640 1387 2700 δὲ
1444 2644 1621 2702 ταῦτα
1673 2640 1707 2702 ό
1762 2645 1941 2707 Θῶνις

338 2726 738 2804 συλλαμβάνει
777 2726 876 2789 τᾶν
900 2726 1287 2807 Ἀλέξανδρον,
1330 2730 1424 2788 καὶ
1462 2728 1564 2793 τὰς
1602 2730 1739 2793 νέας·
1766 2728 1939 2791 αὐτοῦ

337 2816 609 2895 κατίσχει·
676 2814 820 2893 μετοῖ
871 2816 948 2887 δὲ,
995 2815 1164 2877 αὐτόν
1214 2841 1277 2876 τε
1325 2821 1528 2877 τοῦτον
1580 2814 1829 2898 ἀνήγαγε
1882 2821 1939 2882 ἐς

339 2904 577 2980 Μέμφιν
613 2904 706 2963 καὶ
734 2903 840 2978 τήν
869 2902 1104 2979 Ἑλένήν
1135 2928 1199 2963 τε
1238 2904 1331 2963 καὶ
1364 2903 1437 2963 τοὶ
1474 2903 1761 2983 χρήματα,
1797 2904 1937 2982 πρὸς

339 2989 399 3047 δὲ
451 2990 544 3049 καὶ
595 2990 725 3054 τούς
779 2990 976 3053 ἱκέτας·
1050 2990 1535 3065 ἀνακομισθέντων
1586 2992 1647 3050 δὲ
1696 2990 1937 3062 πάντων,

336 3076 532 3153 εἰρώτα
555 3076 656 3138 τᾶν
673 3076 1044 3153 Ἀλέξανδρον
1063 3075 1096 3135 ὁ
1119 3074 1380 3151 Πρωτεῦς
1404 3079 1489 3141 τίς
1514 3078 1599 3154 εἴη
1620 3079 1713 3137 καὶ
1738 3077 1937 3139 ὁκόθεν

337 3164 526 3231 πλέοις
568 3164 601 3223 ὁ
628 3164 691 3222 δέ
716 3166 769 3223 οἱ
796 3163 888 3221 καὶ
914 3162 978 3222 τὸ
1003 3163 1164 3241 γένος
1191 3162 1450 3233 κατέλεξε
1478 3164 1570 3223 καὶ
1594 3169 1695 3240 τῆς
1721 3164 1937 3242 πάτρης

339 3243 458 3304 εἷπε
485 3248 552 3308 va
589 3248 816 3327 οὕνομα·
858 3248 951 3307 καὶ
989 3246 1060 3323 δὴ
1102 3247 1196 3307 καὶ
1232 3247 1332 3309 τᾶν
1370 3250 1552 3310 πλόον
1592 3249 1938 3331 ἀπηγήσατο
