2250 3500
339 135 436 184 106
957 131 1325 184 ‘nPvozro‘r
1694 179 1725 204 ,
1876 130 1948 197 [1.

339 212 588 272 ἐποιέετο
627 208 817 294 λόγον.
902 209 937 273 ὅ
971 212 1032 274 δὲ
1055 215 1159 288 τῆς
1183 210 1490 288 βασιλείης
1514 209 1792 288 Τομύριος
1816 215 1955 276 παῖς

342 300 768 379 Σπαργαπίσης,
797 299 869 364 ὥς
891 325 989 377 μιν
1015 299 1048 360 ὅ
1071 325 1136 360 τε
1162 298 1311 363 οἶνος
1337 298 1508 374 α’,νῆκε
1536 298 1631 356 καὶ
1656 299 1830 375 ἔμαθε
1860 298 1955 359 ἵνα
1996 321 2003 326 ·

338 385 410 462 ἦν
455 391 644 458 κακοῦ,
691 388 902 464 δεηθεὶς
945 386 1138 465 Κύρου
1185 391 1247 446 ἐκ
1292 390 1405 448 τῶν
1444 385 1668 462 δεσμῶν
1710 386 1954 462 λυθῆναι

340 475 518 554 ἔτυχε·
552 473 624 539 οἷς
649 475 710 535 δὲ
734 474 907 553 ἐλύθη
930 501 994 536 τε
1017 474 1266 555 τάχιστα
1292 474 1387 534 καὶ
1411 477 1523 533 τῶν
1547 477 1751 551 χειρῶν
1790 473 1953 552 ἐκρά-

339 587 499 638 τησε,
543 563 884 646 διεργάζεται
917 562 1134 624 ἑωυτόν·
1176 563 1269 622 καὶ
1312 560 1401 638 δή
1419 559 1583 624 οὗτος
1617 563 1723 638 μὲν
1762 560 1955 644 τρόπῳ

249 651 366 711 214
381 651 612 733 τοιούτῳ
645 657 900 713 τελευτᾶ·
951 650 1195 728 Τόμυρις
1230 650 1305 720 δὲ,
1350 648 1422 713 ὥς
1466 653 1521 710 οἰ
1560 648 1593 709 ὅ
1629 652 1820 727 Κῦρος
1845 652 1953 712 οὐκ

341 739 632 816 ἐσήκουσε,
655 738 988 810 συλλέξασα
1011 742 1207 799 πᾶσαν
1232 738 1336 814 τήν
1356 740 1557 814 ἑωυτῆς
1572 736 1803 814 δύναμιν
1820 761 1955 798 συν·

344 827 525 903 ἔβαλε
545 828 725 907 Κύρῳ.
782 825 990 902 ταύτην
1013 825 1118 902 τὴν
1140 825 1349 905 μα’χην,
1376 825 1513 885 ὅσαι
1538 823 1607 900 δὴ
1634 825 1956 902 βαρβάρων

343 913 555 993 ἀνδρῶν
577 915 758 994 μάχαι
785 913 1055 995 ἐγένοντο,
1077 914 1241 991 κρίνω
1266 911 1642 992 ἰσχυροτάτην
1664 913 1953 994 γενέσθαι·

345 1003 438 1060 καὶ
463 1001 532 1077 δή
560 1003 652 1061 καὶ
676 1000 1025 1078 πυνθάνομαι
1049 1000 1193 1062 οὕτω
1216 1004 1385 1061 τοῦτο
1402 999 1720 1081 γενόμενον·
1758 1003 1957 1078 πρῶτα

342 1091 448 1166 μὲν
492 1089 604 1171 γὰρ
645 1090 872 1171 λέγεται
917 1088 1117 1152 αὐτοῦς
1168 1086 1503 1152 διαστάντας
1554 1092 1611 1150 ἐς
1662 1085 1957 1163 ἀλλήλους

344 1175 606 1247 τοξεύειν·
647 1177 792 1256 μετοὶ
838 1177 914 1248 δὲ,
961 1176 1033 1241 ὥς
1073 1182 1187 1253 σφι
1223 1176 1297 1236 τὰ
1334 1177 1519 1253 βέλεα
1557 1174 1953 1251 ἐξετετόξειπο,

346 1264 741 1343 συμπεσόντας
764 1270 902 1345 τῇσι
929 1266 1179 1345 αἰχμῇσί
1198 1289 1261 1325 τε
1289 1265 1381 1323 καὶ
1397 1267 1553 1324 τοῖσι
1574 1264 1959 1344 ἐγχειριδίοισι

346 1355 704 1434 συνέχεσθαι·
744 1354 950 1435 χρόνον
988 1377 1052 1413 τε
1093 1352 1164 1430 δὴ
1212 1353 1305 1412 ἐπὶ
1344 1351 1571 1413 πολλᾶν
1613 1353 1958 1414 συνεστάναι

345 1444 696 1523 μαχομένους
733 1444 827 1503 καὶ
869 1441 1186 1520 οὐδετέρους
1232 1441 1449 1501 ἐθέλειν
1492 1439 1741 1522 φεύγειν,
1791 1441 1958 1506 τέλος

347 1530 423 1601 δὲ,
465 1534 520 1592 οἱ
559 1530 943 1611 Μασσαγέται
985 1529 1392 1609 περιεγενέατο·
1441 1526 1480 1604 ἦ
1519 1553 1583 1587 τε
1622 1526 1693 1604 δή
1758 1527 1957 1605 πολλὴ

343 1622 446 1694 τῆς
471 1621 758 1696 Περσικῆς
797 1620 1065 1695 στρατιῆς
1104 1614 1276 1676 αὐτοῦ
1309 1613 1483 1694 ταύτῃ
1524 1613 1817 1694 διεφθάρη,
1860 1617 1973 1680 καὶ,

347 1705 417 1781 δὴ
443 1706 536 1765 καὶ
575 1704 741 1769 affrae
782 1709 969 1782 Κῦρος
1007 1707 1245 1784 τελευτᾷ.
1278 1701 1639 1781 βασιλεύσας
1664 1701 1737 1764 τοὶ
1762 1702 1953 1765 πάντα

349 1793 468 1856 ένός
519 1792 715 1853 δέοντα
765 1792 1063 1869 τριήκοντα
1116 1793 1259 1852 ἔτεα·
1317 1790 1498 1852 α’σκόν
1552 1791 1611 1853 δὲ
1664 1790 1958 1867 πλήσασα

348 1881 582 1957 αἵματος
609 1880 958 1959 ἀνθρωπηίου
982 1880 1226 1958 Τόμυρις
1269 1879 1481 1955 ἐδίζητο
1508 1884 1569 1941 ἐν
1592 1881 1747 1940 τοῖσι
1772 1880 1957 1941 τεθνε-

348 1972 456 2029 ὣσι
504 1973 616 2031 τῶν
658 1970 926 2048 Περσέων
964 1969 1066 2030 τόν
1107 1967 1300 2046 Κύρου
1342 1968 1521 2027 νέκυν·
1576 1966 1650 2031 ὥς
1696 1967 1757 2027 δὲ
1810 1964 1951 2046 εὗρε,

347 2061 628 2136 ἐναπῆππε
654 2059 821 2120 αὐτοῦ
846 2057 951 2135 τὴν
973 2056 1231 2135 κεφαλήν
1257 2059 1313 2120 ἐς
1337 2053 1437 2116 τόν
1462 2053 1657 2129 ἀσκόν,
1689 2058 1953 2132 λυμαινο-
1984 2056 1995 2065 ’

347 2148 488 2225 μένη
515 2148 574 2208 δὲ
598 2152 676 2229 τῷ
702 2150 874 2227 νεκρῷ
902 2147 1133 2227 ἐπέλεγε
1159 2143 1309 2205 τάδε·
1353 2152 1389 2179 “
1406 2142 1486 2207 Σῦ
1510 2144 1617 2219 μὲν
1651 2145 1750 2219 ἐμὲ
1787 2141 1956 2214 γζώου-

348 2236 461 2296 σάν
501 2262 566 2296 τε
607 2238 700 2295 καὶ
741 2234 986 2296 νικῶσάν
1026 2259 1098 2294 σε
1129 2231 1289 2312 μάχῃ
1316 2229 1617 2294 ἀπώλεσας
1648 2229 1824 2289 παῖδα
1852 2230 1957 2291 τᾶν

349 2323 483 2401 ε’μόν
535 2323 674 2383 ἑλῶν
721 2323 885 2399 δόλῳ,
944 2324 1014 2381 σὲ
1074 2320 1121 2379 δ’
1164 2320 1289 2400 ἐγώ,
1346 2317 1591 2395 κατάπερ
1644 2316 1955 2394 ἠπείλησα,

348 2411 581 2487 αἵματος
607 2408 868 2485 κορέσω.”
920 2408 994 2468 τὰ
1017 2410 1122 2484 μὲν
1152 2407 1221 2483 δή
1255 2405 1396 2467 κατὰ
1418 2406 1524 2482 τὴν
1551 2404 1743 2483 Κύρου
1767 2409 1959 2467 τελευ-

346 2495 452 2572 τὴν
490 2498 591 2554 τοῦ
631 2495 784 2572 βίου,
825 2498 1060 2555 πολλῶν
1099 2494 1287 2575 λόγων
1336 2494 1671 2576 λεγομένων,
1724 2492 1819 2554 ὅδε
1854 2518 1959 2570 μοι

347 2582 382 2645 ὅ
419 2581 797 2647 πιθανώτατος
837 2584 1060 2661 εἴρηται.

253 2675 370 2733 215
451 2673 834 2753 Μασσαγέται
876 2671 935 2731 δὲ
979 2668 1195 2747 ἐσθῆτά
1238 2693 1302 2730 τε
1342 2667 1543 2745 ὁμοίην
1586 2670 1661 2745 τῇ
1708 2666 1958 2746 Σκυθικῇ

348 2760 622 2838 φορέουσι
658 2760 750 2820 καὶ
790 2760 1006 2819 δίαιταν
1045 2759 1261 2838 ἔχουσι.
1346 2754 1580 2816 ἱππόται
1619 2755 1683 2815 δέ
1712 2757 1824 2815 εἰσι
1864 2755 1959 2814 καὶ

347 2847 593 2920 ἄνιπποι,
645 2847 1001 2930 (ἀμφοτέρων
1030 2846 1141 2927 γὰρ
1188 2844 1535 2924 μετέχουσα)
1590 2842 1684 2902 καὶ
1726 2840 1957 2912 τοξόται

345 2961 408 2995 τε
434 2938 526 2995 καὶ
563 2936 921 3014 αἰχμοφόροι,
963 2932 1203 3014 σαγάρις
1236 2932 1549 3009 νομίζοντες
1586 2930 1752 3008 ἔχειν.
1820 2954 1959 3007 χρυ-

349 3026 434 3101 σῷ
465 3024 524 3081 δὲ
551 3023 642 3081 καὶ
676 3026 872 3101 χαλκῷ
895 3020 967 3080 τοὶ
1004 3018 1187 3078 πάντα
1216 3022 1505 3097 χρέωνται·
1560 3016 1675 3076 ὅσα
1702 3019 1811 3093 μὲν
1841 3016 1957 3097 γὰρ

277 3148 286 3157 ·
348 3112 402 3171 ἐς
427 3108 634 3186 αἰχμᾶς
670 3110 761 3167 καὶ
787 3107 940 3185 ἄρδις
981 3107 1073 3165 καὶ
1117 3105 1375 3186 σαγάρις,
1414 3107 1611 3183 χαλκῷ
1645 3103 1720 3164 τὰ
1763 3103 1958 3165 πάντα

345 3194 631 3271 χρέωνται·
671 3194 785 3254 ὅσα
823 3195 884 3253 δὲ
922 3193 1053 3269 περὶ
1087 3191 1345 3267 κεφαλὴν
1392 3193 1484 3251 καὶ
1529 3191 1823 3268 ζωστῆρας
1864 3191 1960 3252 καὶ

349 3283 839 3358 μασχαλιστῆρας,
889 3280 1085 3359 χρυσῷ
1135 3279 1490 3355 κοσμέονται·
1556 3276 1631 3342 ὥς
1678 3275 1729 3337 δ’
1778 3276 1960 3344 αὕτως
