2250 3500
347 146 443 193 188
957 143 1326 193 ἨΡΟΔΟΤΟΤ
1841 138 1943 205 [Π.

343 226 446 282 τοῦ
472 220 545 282 ὦν
572 222 641 298 δή
669 222 858 299 οὔρεος
881 222 1083 283 τούτου
1114 222 1270 301 παρὰ
1298 222 1404 299 τήν
1429 222 1682 299 ὖπωρέην
1705 220 1874 297 ἦκται
1907 220 1952 297 ἦ

347 309 547 386 διώρυξ
580 310 674 369 ἄπ’
704 311 942 387 ἑσπέρης
972 310 1160 387 μακρὴ
1186 309 1330 388 πρός
1363 309 1466 385 τὴν
1491 310 1591 383 ήῶ·
1635 310 1728 367 καὶ
1760 311 1949 369 ἔπειτα

346 398 511 457 τείνει
549 403 603 461 ἐς
640 398 962 479 διασφάγας
990 397 1274 475 φερούσας
1306 397 1419 456 άπὸ
1454 402 1555 457 τοῦ
1587 395 1778 473 οὔρεος
1807 398 1949 475 πρός

348 486 715 563 μεσαμβρίην
739 512 802 547 τε
840 488 930 544 καὶ
962 485 1124 546 νότον
1152 484 1373 561 ἄνεμον,
1400 489 1455 548 ἐς
1484 484 1584 544 τὸν
1611 484 1826 544 κόλπον
1848 484 1950 545 τὸν

346 571 633 650 Ἀράβιον.
702 578 775 652 τῇ
808 574 870 633 δὲ
904 572 1208 651 ἐλάχιστόν
1239 577 1364 632 ἐστι
1396 573 1489 631 καὶ
1519 572 1951 648 συντομώτατον

351 665 413 720 ἐκ
445 666 546 736 τῆς
579 662 817 738 βορηίης
848 660 1148 736 θαλάσσης
1181 659 1500 736 ὖπερβῆναι
1537 663 1592 723 ἐς
1624 660 1730 735 τὴν
1760 662 1950 737 νοτίην

352 750 444 808 καὶ
467 748 743 827 Ἐρυθρὴν
766 748 871 823 τήν
896 747 1071 824 αὐτὴν
1095 746 1304 823 ταύτην
1331 747 1690 823 καλεομένην,
1713 747 1826 807 α’,πό
1846 751 1948 808 τοῦ

352 839 577 897 Κασίου
608 835 797 913 οὔρεος
829 838 931 894 τοῦ
964 834 1276 912 οὐρίζοντος
1305 834 1592 916 Αἴγυπτόν
1616 860 1678 894 τε
1717 837 1810 893 καὶ
1845 837 1950 900 Συ-

350 925 492 1000 ρίην,
520 922 631 983 ‹in-6
667 922 868 982 τούτου
904 922 1015 982 εἰσὶ
1050 922 1273 982 στάδιοι
1303 924 1483 1001 χίλιοι
1519 920 1726 999 οἷπαρτὶ
1760 928 1816 986 ἐς
1849 923 1951 984 τόν

350 1009 623 1088 Ἀράβιον
650 1010 881 1069 κόλπον.
937 1015 1104 1069 τοῦτο
1129 1014 1234 1086 μὲν
1257 1010 1798 1087 τιὸ-συντομώτατον·
1829 1011 1868 1087 ἦ
1889 1012 1950 1071 δὲ

352 1098 553 1175 διώρυξ
579 1100 781 1177 πολλῷ
802 1099 1119 1176 μακροτέρη
1147 1097 1264 1179 ὅσῳ
1289 1100 1637 1175 σκολιωτέρη
1663 1100 1806 1160 ἐστί·
1845 1098 1950 1177 τὴν

352 1186 444 1244 ἐπὶ
470 1189 633 1245 Νεκῶ
658 1186 938 1261 βασιλέος
963 1184 1302 1262 ὀρύσσοντες
1320 1188 1636 1266 Αἰγυπτίων
1655 1184 1951 1248 ἀπώλοντο

350 1272 590 1333 δυώδεκα
619 1272 896 1350 μυριάδες.
965 1272 1160 1335 Νεκῶς
1191 1273 1294 1349 μέν
1319 1298 1416 1333 νυν
1444 1272 1654 1349 μεταξῦ
1690 1272 1951 1349 ὀρύσσων

351 1360 652 1431 ἐπαύσατο,
673 1360 943 1438 μαντηΐου
970 1360 1236 1438 ἐμποδίου
1254 1362 1555 1440 γενομένου
1577 1361 1814 1432 τοιοῦδε,
1831 1365 1953 1441 “v-c?

351 1450 631 1529 βαρβάρῳ
652 1448 821 1509 αὖτόν
844 1446 1344 1530 προεργάζεσθαι·”
1371 1448 1704 1525 βαρβάρους
1730 1448 1792 1507 δὲ
1815 1450 1951 1510 πάν-

350 1563 451 1601 τας
478 1541 531 1597 οἱ
564 1536 858 1619 Αἰγύπτιοι
886 1538 1156 1598 καλέουσι
1179 1535 1312 1599 τοῦς
1341 1536 1422 1611 μὴ
1449 1537 1627 1611 σφίσι
1652 1535 1951 1616 ὁμογλώσ-

258 1627 371 1685 159
392 1650 547 1687 σους.
632 1622 1008 1699 Παυσάμενος
1058 1624 1120 1681 δὲ
1171 1626 1273 1697 τῆς
1327 1621 1593 1702 διώρυχος
1651 1622 1684 1683 ὅ
1737 1624 1948 1695 Νεκῶς,

352 1711 619 1790 ἐτράπετο
654 1712 795 1788 πρὸς
829 1711 1168 1789 στρατηίας,
1196 1711 1289 1770 καὶ
1324 1710 1586 1788 τριήρεες,
1619 1714 1681 1771 αἶ
1714 1713 1818 1788 μὲν
1859 1714 1951 1774 ἐπὶ

348 1803 422 1877 τῇ
447 1798 656 1877 βορηΐῃ
679 1798 949 1876 θαλάσσῃ
973 1798 1338 1874 ἐποιήθησαν,
1359 1802 1419 1858 αἱ
1445 1797 1491 1857 δ’
1515 1805 1574 1859 ἐν
1595 1803 1673 1879 τῷ
1696 1799 1950 1882 Ἀραβίῳ

352 1886 544 1966 κόλπῳ
575 1887 667 1946 ἐπὶ
704 1891 779 1964 τῇ
808 1885 1052 1965 Ἐρυθρῇ
1091 1886 1384 1965 θαλάσσῃ·
1424 1890 1536 1947 τῶν
1575 1890 1654 1946 ἔτι
1695 1891 1748 1947 οἰ
1787 1887 1950 1949 ὁλκοὶ

351 1975 623 2052 ἐπίδηλοι.
693 1975 785 2034 καὶ
823 1974 1066 2052 ταύτῃσί
1099 2000 1164 2034 τε
1199 1978 1402 2053 ἐχρᾶτο
1434 1979 1494 2034 ἐν
1524 1979 1602 2054 τῷ
1633 1975 1828 2046 δέοντι;
1857 1977 1949 2036 καὶ

350 2062 584 2141 Σύροισι
614 2065 755 2143 πεζῇ
780 2062 813 2122 ὅ
850 2062 1043 2126 Νεκῶς
1079 2062 1398 2139 συμβαλών
1435 2066 1496 2123 ἐν
1531 2063 1820 2143 Μαγδόλῳ
1848 2065 1947 2125 ἐνί·

351 2178 509 2228 κησε·
542 2153 685 2230 μετοὶ
711 2153 770 2212 δὲ
795 2151 899 2227 τήν
924 2151 1129 2230 μάχην,
1163 2149 1410 2210 Κάδυτιν
1432 2150 1604 2212 πόλιν
1621 2155 1723 2227 τῆς
1749 2153 1949 2229 Συρίης

350 2245 554 2301 ἐοῦσαν
588 2239 844 2320 μεγάλην
877 2239 1029 2298 εἷλε·
1053 2243 1113 2298 ἐν
1146 2242 1218 2318 τῇ
1251 2238 1309 2298 δὲ
1346 2240 1546 2314 ἐσθῆτι
1581 2240 1741 2319 ἔτυχε
1774 2244 1949 2300 ταῦτα

352 2327 835 2406 κατεργασάμενος
876 2325 1110 2402 ἀνέθηκε
1148 2329 1226 2404 τῷ
1256 2325 1596 2396 Ἀπόλλωνι,
1628 2327 1856 2406 πέμψας
1894 2331 1949 2391 ἐς

351 2415 670 2493 Βραγχίδας
702 2413 802 2476 τοὶς
842 2416 1165 2488 Μιλησίων·
1206 2414 1364 2492 μετὰ,
1386 2415 1463 2484 δὲ,
1501 2414 1789 2474 ἑκκαίδεκα
1825 2417 1950 2476 ἔτεα

348 2501 421 2561 τὰ
451 2501 634 2560 πάντα
670 2500 841 2579 ἄρξας
874 2505 1128 2584 τελευτᾷ,
1154 2507 1232 2584 τῷ
1255 2503 1412 2564 παιδὶ
1436 2502 1638 2579 Ψάμμι
1667 2501 1951 2582 παραδσιῖς

347 2589 451 2666 τήν
478 2587 672 2668 οἷρχήν.

258 2680 373 2738 160
427 2677 561 2736 Ἐπὶ
578 2682 775 2739 τοῦτον
796 2677 864 2754 δή
884 2677 986 2739 τᾶν
1003 2678 1236 2756 Ψάμμιν
1254 2677 1642 2756 βασιλεύοντα
1663 2678 1952 2761 Αἰγύπτου

348 2765 614 2826 οἷπίκοντο
648 2765 889 2826 Ἠλείων
918 2766 1110 2844 ἄνδρες
1142 2765 1393 2848 ἄγγελοι,
1421 2766 1716 2845 αὐχέοντες
1747 2767 1950 2828 δικαιό-

346 2880 489 2913 τατα
525 2855 617 2913 καὶ
653 2853 939 2915 κάλλιστα
972 2855 1188 2916 τιθέναι
1219 2853 1320 2915 τᾶν
1355 2860 1414 2914 ἐν
1446 2854 1737 2934 Ὀλυμπίῃ
1763 2855 1954 2937 ἀγῶνα

348 2941 570 3002 πάντων
611 2941 929 3019 ἀνθρώπων,
973 2942 1082 3000 καὶ·
1104 2943 1388 3007 δοκέοντες
1425 2943 1580 3021 παρὰ
1619 2947 1798 3005 ταῦτα
1838 2943 1952 3004 οὐδ’

349 3018 418 3080 ἂν
463 3021 594 3086 τούς
640 3023 1005 3098 σοφωτάτους
1054 3022 1361 3099 α’νθρῶπων
1403 3027 1742 3104 Αἰγυπτίους
1795 3025 1956 3088 οὐδὲν

350 3108 673 3184 ἐπεξευρεῖν·
755 3109 827 3172 ὥς
867 3110 926 3168 δὲ
966 3108 1294 3185 ἀπικόμενοι
1334 3115 1390 3174 ἔς
1426 3112 1531 3187 τὴν
1569 3113 1861 3196 Αἴγυπτον
1901 3115 1956 3174 οἶ

348 3190 567 3252 Ἠλεῖοι
594 3196 789 3276 ἔλεγον
812 3201 923 3257 τῶν
944 3196 1125 3255 εἵνεκα
1149 3195 1433 3269 α’πίκοντο,
1455 3200 1694 3262 ἐνθαῦτα
1719 3201 1752 3263 ὅ
1777 3203 1954 3279 βασι·

350 3276 482 3339 λεῦς
514 3278 675 3342 οὗτος
708 3283 1081 3360 συγκαλέεται
1107 3285 1424 3365 Αἰγυπτίων
1457 3287 1589 3352 τούς
1611 3290 1958 3372 λεγομένους
