2250 3500
339 119 435 169 342
946 116 1317 166 ἫΡοΔοΤοί·
1821 115 1950 180 [IV.

344 198 467 261 ἐπεί
486 223 549 258 τε
572 198 673 259 τόν
700 197 1290 274 Κορώβιονλιπόντες
1317 199 1376 256 ἐν
1397 197 1473 274 τῇ
1497 193 1654 273 νήσῳ
1681 193 1956 254 ἀπίκοντο

339 294 395 351 ἐς
435 286 538 362 τήν
586 284 796 362 Θήρην,
840 285 1170 366 ἀπήγγελον
1213 284 1284 347 ὥς
1325 290 1438 359 σφι
1493 283 1578 357 εἴη
1631 287 1806 357 νῆσος
1859 284 1956 342 ἐπὶ

337 374 529 451 Λιβύῃ
572 373 889 449 ἐκτισμένη.
961 374 1262 450 Θηραίοισι
1303 373 1362 431 δὲ
1405 370 1529 430 ἕαδε
1571 369 1854 445 ἀδελφεόν
1889 397 1956 430 τε

336 461 432 521 ἀπ’
470 461 752 536 ἀδελφεοῦ
789 463 1030 538 πέμπειν
1064 461 1232 541 πάλῳ
1273 459 1544 538 λαχόντα,
1573 459 1668 517 καὶ
1701 457 1816 518 ἀπὸ
1841 465 1957 518 τῶν

337 549 533 630 χώρων
562 548 819 609 ἀπάντων
846 549 987 608 ἑπτσῖ
1015 549 1215 609 ἐόντων
1241 547 1461 627 ἄνδρας·
1505 547 1644 606 εἶναι
1669 545 1732 604 δέ
1755 553 1957 622 σφεων

340 639 433 697 καὶ
472 635 723 719 ἡγεμόνα
766 637 857 696 καὶ
896 638 1155 714 βασιλέα
1195 636 1436 696 Βάττον.
1506 633 1648 694 οὕτω
1683 633 1754 709 δὴ
1784 636 1954 694 στέλ-

343 729 515 785 λουσι
542 725 641 784 δύο
667 727 1134 802 πεντηκοντέρους
1161 729 1216 788 ἐς
1241 723 1346 801 τὴν
1371 722 1661 782 Πλατέαν.

247 815 363 872 154
448 816 640 872 Ταῦτα
681 812 741 871 δὲ
781 817 1017 890 Θηραῖοι
1056 813 1312 894 λέγουσι·
1355 811 1427 871 τοὶ
1460 809 1505 870 δ’
1543 811 1816 869 ἐπίλοιπα
1850 814 1953 869 τοῦ

340 901 536 980 λόγου,
566 902 955 978 συμφέρονται
978 901 1085 978 ἤδη
1112 905 1349 979 Θηραῖοι
1376 899 1767 976 Κυρηναίοισι.
1837 903 1952 956 Κυ-

338 992 557 1065 ρηναῖοι
596 988 708 1069 γοῖρ
743 990 815 1049 τοὶ
856 991 987 1067 περὶ
1024 989 1245 1049 Βάττον
1279 988 1532 1063 οὐδαμῶς
1568 985 1955 1066 ὁμολογέουσι

341 1076 659 1151 Θηραίοισι·
723 1075 961 1158 λέγουσι
1012 1077 1124 1159 γὰρ
1181 1075 1342 1136 οὕτω·
1405 1076 1528 1134 ἔστι
1580 1077 1681 1149 τῆς
1723 1071 1954 1149 Κρήτης

338 1160 506 1232 Ἀξός
544 1161 713 1225 πόλις
755 1168 813 1222 ἐν
848 1167 920 1243 τῇ
964 1166 1182 1246 ἐγένετο
1217 1163 1520 1241 Ἐτέαρχος
1547 1160 1848 1238 βασιλεύς·
1892 1161 1955 1223 ὃς

342 1251 435 1310 ἐπὶ
484 1249 716 1331 θυγατρὶ
760 1250 1020 1330 ἀμήτορι,
1068 1258 1142 1332 τῇ
1186 1252 1401 1330 οὕνομα
1439 1250 1511 1327 ἦν
1551 1251 1819 1326 Φρονίμη,
1861 1250 1956 1308 ἐπὶ

340 1337 515 1417 ταύτῃ
553 1339 724 1418 ἔγημε
765 1339 951 1417 ἄλλην
976 1345 1231 1422 γυναῖκα·
1273 1340 1311 1417 ἦ
1340 1340 1398 1398 δὲ
1426 1338 1820 1398 ἐπεσελθοῦσα
1849 1339 1954 1396 ἐδι-

343 1428 495 1486 καίευ
538 1427 677 1487 εἶναι
714 1429 806 1487 καὶ
842 1434 919 1508 τῷ
960 1430 1100 1511 ἔργω
1136 1427 1377 1506 μητρυιὴ
1409 1431 1482 1504 τῇ
1517 1427 1784 1504 Φρονίμῃ,
1811 1450 1954 1503 παρ-

345 1513 557 1593 έχουσά
594 1541 657 1576 τε
694 1542 839 1576 κακα
876 1517 967 1576 καὶ
1006 1521 1120 1576 πᾶν
1147 1515 1230 1576 ἐπ’
1257 1516 1398 1594 αὐτῇ
1423 1513 1816 1592 μηχανωμένη·
1861 1513 1958 1572 καὶ

340 1603 520 1672 τέλος,
561 1604 935 1682 μαχλοσύνην
977 1605 1309 1664 ἐπενείκασα
1347 1629 1400 1662 οι
1434 1602 1616 1661 πείθει
1652 1599 1754 1660 τὸν
1781 1599 1956 1677 ανδρα

341 1694 449 1747 ταΐ
451 1715 523 1748 τα
561 1691 707 1768 ἔχειν
740 1692 900 1751 οὕτω·
942 1692 975 1752 ὁ
1007 1692 1067 1751 δὲ
1101 1691 1478 1773 ἀναγνωσθεὶς
1505 1683 1615 1748 ῧπό
1640 1692 1742 1765 τῆς
1765 1713 1959 1769 γυναι-

348 1776 442 1838 κός
480 1778 643 1856 ἔργον
671 1776 771 1835 οὐκ
804 1778 966 1839 ὅσιον
994 1784 1316 1857 ἐμηχανᾶτο
1345 1779 1436 1837 ἐπὶ
1461 1784 1534 1857 τῇ
1563 1777 1814 1857 θυγατρί.
1883 1776 1958 1853 ἦν

341 1861 452 1942 γὰρ
490 1861 557 1939 δή
596 1863 859 1939 Θεμίσων
890 1865 1031 1944 ἀνὴρ
1064 1872 1309 1945 Θηραῖος
1341 1867 1583 1942 ἔμπορος
1609 1869 1667 1924 ἐν
1690 1868 1762 1943 τῇ
1787 1863 1958 1943 'Aga-

345 1955 546 2011 τοῦτον
579 1951 610 2013 ὁ
649 1952 953 2034 Ἐτέαρχος
988 1955 1347 2034 παραλαβαῖν
1383 1956 1476 2015 ἐπὶ
1510 1955 1681 2025 ξείνια
1715 1955 1955 2033 ἐξορκοῖ,

342 2038 381 2116 ἦ
413 2040 527 2117 μήν
560 2044 613 2100 οἱ
647 2042 1000 2127 διηκονήσειν
1031 2043 1064 2105 ὅ
1094 2070 1152 2104 τι
1189 2042 1257 2104 ἂν
1291 2044 1482 2120 δεηθῇ·
1526 2043 1649 2102 ἐπεί
1672 2068 1736 2101 τε
1773 2043 1834 2101 δὲ
1871 2045 1958 2113 ἐξ·

349 2128 583 2204 όρκωσε,
618 2129 842 2212 ἀγαγών
876 2135 943 2192 οἳ·
966 2132 1268 2210 παραδιδοῖ
1301 2132 1406 2207 τὴν
1439 2136 1641 2190 ἑωυτοῦ
1675 2132 1958 2213 θυγατέρα

346 2218 439 2275 καὶ
465 2216 672 2294 ταύτην
702 2222 920 2279 ἐκέλευε
947 2224 1376 2281 καταποντῶσαι
1403 2218 1792 2300 ἀπαγαγόντα·
1836 2220 1870 2279 ὅ
1897 2220 1958 2279 δὲ

344 2306 605 2381 Θεμίσων
650 2308 1101 2385 περιημεκτήσας
1153 2312 1226 2385 τῇ
1279 2306 1466 2386 ἀπάτῃ
1508 2311 1609 2367 τοῦ
1653 2306 1822 2383 ὅρκου
1865 2308 1958 2366 καὶ

346 2393 757 2469 διαλυσάμενος
782 2397 885 2471 τὴν
914 2398 1134 2472 ξεινίην,
1162 2396 1342 2455 ἐποίεε
1366 2395 1572 2456 τοιάδε·
1599 2395 1958 2472 παραλαβὼν

342 2479 446 2554 τήν
484 2480 659 2538 παῖδα
700 2480 970 2543 ἀπέπλεε·
1015 2484 1084 2547 ὦς
1127 2484 1186 2542 δὲ
1225 2483 1444 2563 ἐγένετο
1486 2488 1546 2543 ἐν
1582 2486 1661 2561 τῷ
1698 2482 1954 2562 πελάγεϊ,

346 2567 752 2646 ἀποσιεύμενος
784 2571 890 2647 τὴν
928 2572 1229 2649 ἐξόρκωσιν
1261 2574 1362 2631 τοῦ
1399 2569 1707 2649 Ἐτεάρχου
1740 2569 1955 2647 σχοινί-

344 2681 463 2715 οισι
486 2656 673 2732 ·αὖτὴν
702 2657 973 2734 διαδήσας
999 2662 1206 2734 κατῆκε
1232 2663 1287 2721 ἐς
1311 2656 1379 2719 τὸ
1405 2657 1671 2737 πέλαγος,
1699 2654 1957 2715 ἀνασπά-

248 2746 363 2803 155
387 2770 496 2807 σας
538 2744 597 2803 δὲ
640 2744 871 2805 ἀπίκετο
912 2751 968 2810 ἐς
1006 2746 1112 2821 τήν
1159 2746 1368 2824 Θήρην.
1433 2745 1726 2805 Ἐνθεΰτεν
1762 2743 1824 2802 δὲ
1853 2743 1956 2817 τὴν

341 2832 650 2940 Φρονίμην
670 2827 1026 2911 παραλαβῶν
1069 2833 1504 2910 Πολύμνηστος,
1548 2832 1650 2891 ἐῶν
1689 2835 1802 2890 τῶν
1845 2836 1956 2906 Θη-

342 2916 511 2990 ραίων
544 2917 687 2995 ἀνήρ
724 2921 966 2997 δόκιμος,
1004 2921 1439 2980 ἐπαλλακεύετο·
1481 2919 1688 2999 χρόνου
1715 2918 1794 2977 δὲ
1803 2943 1956 2995 περι-

338 3000 521 3063 ἰόντος
548 3004 827 3083 ἐξεγένετό
856 3012 909 3066 οῖ
935 3008 1066 3071 πάϊς
1094 3007 1448 3085 ἰσχνόφωνος
1475 3007 1566 3065 καὶ
1591 3004 1851 3083 τραυλός,
1879 3009 1958 3084 τῷ

343 3084 553 3159 οὕνομα
594 3092 753 3167 ἐτέθη
791 3094 1022 3164 Βάττος,
1056 3094 1129 3157 ὥς
1159 3096 1400 3170 Θηραῖοί
1426 3121 1488 3155 τε
1526 3120 1640 3153 και
1633 3096 1956 3170 Κυρηναῖοι

339 3170 595 3245 λέγουσι·
640 3204 710 3239 ως
748 3181 940 3252 μέντοι
976 3181 1085 3261 ε’γω
1118 3180 1307 3251 δοκέω,
1347 3181 1496 3242 αλλο
1529 3208 1602 3253 τι,
1641 3181 1860 3243 Βάττος
1897 3180 1958 3239 δὲ

341 3259 808 3335 μ’ῖτωνῡμάσθη’
782 3267 906 3323 επεί
925 3291 989 3325 τε
1016 3272 1071 3329 ἐς
1096 3268 1384 3343 Λιβύην’
1347 3270 1595 3338 απίκετο,
1624 3266 1741 3328 ἀπό
1764 3292 1829 3327 τε
1851 3270 1956 3329 τοῦ
