2250 3500
358 95 457 141 196
968 91 1335 141 ἮΡοΔοτοτ
1855 90 1966 154 [11.

358 170 774 248 καταχθόμενον
797 174 875 250 τῷ
901 172 1060 251 ἔργῳ·
1111 170 1212 231 τόν
1247 169 1308 229 δὲ
1337 168 1592 247 Ἀμασιν
1628 168 1972 247 ε’νθυμιστόν

357 256 740 333 ποιησάμενον
767 256 867 317 οὐκ
894 261 991 317 ἐᾶν
1017 258 1098 317 ἔτι
1122 258 1460 335 προσωτέρω
1487 257 1743 317 ἑλκύσαι·
1776 256 1883 335 ἤδη
1903 258 1975 318 δέ

356 370 499 407 τινες
523 346 777 425 λέγουσι,
806 344 877 409 ὥς
904 344 1192 421 ἅνθρωπος
1227 344 1505 420 διεφθάρη
1539 343 1632 405 ὑπ’
1661 344 1832 421 αὐτῆς
1854 350 1972 405 τῶν

356 457 442 495 τις
480 430 655 507 αὐτὴν
692 432 1099 511 μοχλευόντων,
1129 432 1221 491 καὶ
1261 431 1377 491 α’πό
1415 430 1617 492 τούτου
1659 432 1761 493 οὐκ
1802 436 1970 493 ἐσελ-

266 520 693 596 176κυσθῆναι.
763 519 1029 595 Ἀνέθηκε
1056 518 1115 578 δὲ
1143 519 1234 577 καὶ
1263 524 1322 579 ἐν
1345 522 1499 581 τοῖσι
1526 520 1762 579 ἄλλοισι
1791 523 1970 597 ἱροῖσι

357 606 391 668 ὅ
406 606 657 685 Ἀμασις
690 611 837 667 πᾶσι
869 611 1025 667 τοῖσι
1060 606 1423 687 ἐλλογίμοισι
1454 607 1592 688 ἔργα
1622 606 1689 667 τὰ
1716 608 1969 686 μέγαθος

360 694 671 772 ἀξιοθέητα,
700 701 759 755 ἐν
794 695 856 754 δὲ
892 695 984 753 καὶ
1016 698 1076 754 ε’ν
1111 694 1322 771 Μέμφι
1345 693 1445 753 τᾶν
1479 694 1679 755 ὕπτιον
1714 697 1970 772 κείμενον

360 783 667 854 κολοσσὸν,
719 786 819 843 τοΰ
861 782 1238 859 Ἡφαιστείου
1280 783 1585 859 ἔμπροσθε·
1652 787 1752 842 τοῦ
1797 782 1968 847 πόδες

357 872 522 931 πέντε
564 872 656 930 καὶ
698 868 1085 947 ἑβδομήκοντά
1124 873 1238 929 εἰσι
1276 869 1344 929 τὰ
1384 873 1583 945 μῆκος·
1653 870 1745 930 ἐπὶ
1785 870 1848 929 δὲ
1885 874 1967 949 τῷ

360 956 508 1036 αὐτῷ
545 958 744 1037 βάθρῳ
785 960 1005 1026 ἑστᾶσι,
1046 957 1379 1016 Αἰθιοπικοῦ
1420 957 1601 1020 ε’όντες
1640 958 1821 1028 λίθου,
1864 957 1965 1018 δύο

359 1046 656 1115 κολοσσοὶ,
694 1046 900 1104 ἐείκοσι
930 1043 1116 1104 ποδῶν
1156 1044 1222 1103 τὰ
1262 1044 1508 1125 μέγαθος
1549 1043 1650 1104 ε’ὢν
1691 1044 1962 1121 ἑκάτερος,

359 1130 393 1191 ὅ
417 1134 521 1208 μὲν
548 1131 701 1192 ἔνθεν
728 1131 760 1191 ό
789 1132 835 1190 δ’
863 1132 1014 1192 ἔνθεν
1039 1135 1142 1190 τοῦ
1165 1130 1440 1212 μεγάλου.
1516 1131 1639 1191 ἔστι
1665 1132 1726 1192 δὲ
1750 1133 1964 1197 λίθινος

360 1219 542 1296 ἔτερος
565 1224 837 1282 τοσοῦτος
865 1220 957 1278 καὶ
982 1224 1039 1278 ἐν
1067 1216 1190 1287 Σάῖ,
1229 1218 1475 1295 κείμενος
1502 1218 1644 1279 κατὰ
1668 1219 1770 1280 τὸν
1793 1218 1965 1281 αὖτὸν

358 1308 569 1384 τρόπον
592 1311 670 1387 τῷ
696 1312 754 1367 ἐν
778 1307 1005 1384 Μέμφι.
1084 1308 1158 1383 τῇ
1175 1304 1297 1364 Ἴσι
1319 1330 1382 1365 τε
1415 1305 1483 1365 τὰ
1517 1310 1577 1366 ἐν
1602 1307 1811 1384 Μέμφι
1843 1308 1964 1385 ἰρόν

350 1392 600 1472 Ἀμασίς
651 1401 775 1457 ε’στι
820 1394 854 1455 ὅ
902 1391 1355 1470 ἐξοικοδομήσας,
1411 1392 1504 1454 ε’ὂν
1552 1394 1701 1474 μέγα
1751 1420 1816 1454 τε
1867 1398 1964 1456 καὶ

360 1481 838 1559 ἀξιοθεητότατον.

268 1569 381 1632 177
440 1570 563 1630 Ἐπ’
582 1569 860 1678 Ἀμάσιος
880 1570 939 1629 δὲ
953 1569 1232 1645 βασιλέος
1250 1570 1476 1651 λέγεται
1492 1570 1776 1651 Αἴγυπτος
1793 1570 1960 1647 μάλι-

361 1683 476 1718 στα
502 1658 571 1732 δὴ
599 1657 727 1717 τότε
758 1657 1174 1734 εὐδαιμονῆσαι,
1203 1657 1296 1715 καὶ
1320 1684 1392 1717 τα
1423 1657 1536 1719 ἀπο
1567 1662 1668 1717 τοῦ
1703 1663 1962 1735 ποταμοῦ

358 1751 431 1834 τῇ
457 1744 613 1825 χώρῃ
631 1744 896 1826 γινόμενα
916 1745 1008 1803 καὶ
1026 1771 1099 1804 τα
1119 1770 1234 1805 απο
1253 1750 1354 1822 τῆς
1378 1745 1562 1826 χώρης
1579 1750 1734 1806 τοῖσι
1755 1745 1960 1824 ανθρώ-

360 1858 541 1892 ποισι·
584 1834 677 1891 καὶ
705 1832 930 1895 πόλις’
904 1859 963 1893 εν
989 1831 1134 1912 αὖτῇ
1158 1834 1424 1915 γενέσθαι
1447 1860 1547 1899 τας
1573 1834 1801 1898 ἁπάσας
1832 1833 1960 1895 τότε

362 1920 655 2000 δισμυρίας
705 1921 805 1985 τοὶς
848 1921 1183 1997 οἰκεομένας.
1265 1920 1439 1999 νόμον
1485 1923 1547 1982 δε
1597 1923 1961 2004 Αἰγυπτίοισι

356 2009 518 2071 τόνδε
557 2009 809 2088 Ἀμασίς
862 2015 985 2070 ἐστι
1036 2009 1069 2070 ὁ
1124 2009 1506 2086 καταστήσας·
1577 2009 1960 2071 ἀποδεικνύναι

362 2099 509 2164 ἔτεος
554 2099 794 2159 εκάστου
832 2104 911 2180 τῷ
950 2098 1207 2178 νομάρχῃ
1253 2096 1438 2158 πάντα
1477 2125 1603 2160 τινα
1644 2101 1972 2180 Αἰγυπτίων·

361 2185 490 2248 ὅθεν
524 2188 770 2264 βιοῦται·
824 2187 905 2264 μὴ
944 2187 1005 2248 δὲ
1040 2191 1303 2246 ποιεῦντα
1332 2190 1522 2257 ταῦτα,
1549 2187 1692 2264 μηδὲ
1717 2187 1958 2264 ἀποφαί-

361 2299 528 2334 νοντα
552 2274 767 2350 δικαίην
794 2274 943 2351 ζόην,
973 2273 1262 2337 ἰθύνεσθαι
1297 2272 1535 2353 θανάτῳ.
1619 2275 1816 2340 Σόλων
1843 2275 1958 2334 δε
1926 2303 1957 2336 ο

360 2351 655 2434 Ἀθηναῖος
707 2362 908 2436 λαβων
960 2362 1023 2431 ἐξ
1061 2360 1347 2442 Αἰγύπτου
1387 2365 1586 2421 τοῦτον
1637 2360 1738 2422 τᾶν
1790 2363 1960 2440 νόμον

345 2444 698 2521 Ἀθηναίοισι
723 2448 897 2508 ἔθετο·
936 2473 1015 2526 τῳ
1041 2453 1240 2508 ἐκεῖνοι
1274 2454 1328 2512 ἐς
1359 2449 1466 2508 αἰεὶ
1499 2449 1787 2528 χρέωνται,
1817 2449 1955 2510 ε’όντι

271 2533 384 2595 178
403 2530 612 2612 οἷμῶμῳ
637 2532 807 2612 νόμῳ.
888 2535 1182 2610 Φιλέλλην
1213 2535 1273 2595 δὲ
1307 2535 1602 2617 γενόμενος
1633 2536 1666 2595 ὁ
1692 2535 1957 2613 Ἀμασις,

361 2619 517 2679 ἅλλα
539 2646 603 2680 τε
630 2627 685 2685 ἐς
706 2621 997 2697 Ἑλλήνων
1019 2623 1404 2700 μετεξετέρους
1439 2623 1746 2693 ἀπεδέξατο
1775 2625 1867 2683 καὶ
1892 2625 1958 2701 δὴ

363 2709 457 2768 καὶ
489 2712 645 2770 τοῖσι
684 2708 1136 2788 ἀπικνευμένοισι
1178 2715 1234 2776 ἐς
1275 2712 1560 2791 Αἴγυπτον
1601 2710 1767 2770 ἔδωκε
1808 2711 1959 2771 Ναύ-

363 2822 554 2874 κρατιν
592 2796 764 2858 πόλιν
802 2801 1109 2873 ἐνοικῆσαι·
1149 2801 1303 2857 τοῖσι
1340 2797 1399 2856 δὲ
1437 2797 1518 2873 μὴ
1553 2799 1957 2876 βουλομένοισι

362 2882 543 2943 αὐτῶν
608 2886 820 2956 οἰκέειν,
875 2884 1046 2944 αὐτοῦ
1114 2884 1176 2943 δὲ
1239 2887 1747 2961 ναυτιλλομένοισι,
1801 2886 1961 2946 ἔδωκε

360 2968 575 3046 χώρους
628 2971 1025 3050 ἐνιδρύσασθαι
1062 2971 1292 3048 βωμοῦς
1345 2972 1437 3030 καὶ
1488 2976 1720 3049 τεμένεα
1760 2975 1959 3034 θεοῖσι.

361 3078 430 3113 το
474 3058 581 3131 μέν
622 3083 719 3118 νυν
758 3060 1030 3139 μέγιστον
1077 3056 1259 3117 αὐτῶν
1297 3058 1541 3134 τέμενος,
1590 3061 1684 3119 καὶ
1730 3086 1961 3138 συνομα-

361 3141 638 3202 στότατον
690 3144 784 3204 εὀν
851 3146 943 3203 καὶ
1007 3167 1456 3222 χρησιμωτατον,
1512 3147 1852 3224 καλεύμενον
1905 3149 1963 3208 δε

361 3219 678 3301 Ἑλλήνιον,
731 3230 852 3290 at&
915 3228 1082 3292 πόλις
1146 3230 1258 3289 εἰσὶ
1319 3234 1380 3290 αἶ
1442 3231 1725 3310 ιδρυμέναι
1787 3241 1962 3315 κοινῇ·
