2250 3500
317 132 606 200 ιιι-137]
1013 135 1237 186 mmo.
1862 137 1925 185 eo

313 241 415 292 ρος
456 213 648 295 ὄλίγω,
691 214 793 278 τὰς
823 211 1054 294 παρειας
1085 215 1399 292 φιλέονται·
1438 215 1509 293 ἦν
1548 215 1611 276 δὲ
1648 217 1849 295 πολλῶ
1884 214 1925 294 ᾖ

317 302 544 380 οὕτερος
589 302 1000 380 ἀγεννέστερος,
1040 305 1413 381 προσπίπτων
1452 306 1784 382 προσκυνέει
1824 329 1927 364 τον

322 392 527 468 ἕτερον.
595 393 806 468 τιμῶσι
836 391 896 450 δὲ
931 396 992 451 ἐκ
1023 391 1245 451 πάντων
1266 417 1397 455 τους
1433 390 1681 473 ἄγχιστα
1714 394 1925 452 ἑωυτῶν

325 479 620 550 οἰκέοντας,
635 477 782 556 μετά
800 505 870 560 γε
889 478 1136 543 ἑωυτούς·
1165 478 1391 558 δεύτερα
1406 480 1466 539 δὲ
1478 480 1607 543 τοῦς
1621 479 1924 558 δευτέρους·

321 566 467 644 μετὰ
493 566 569 638 δὲ,
597 566 740 626 κατὰ
764 566 939 648 λόγον
962 568 1367 646 προβαίνοντες
1388 571 1611 644 τιμῶσι,
1636 567 1844 641 ἥκιστα
1866 568 1927 628 δὲ

318 653 450 717 τούς
490 656 702 715 ἑωυτῶν
738 652 1025 714 ἑκαστάτω
1065 656 1389 731 οἰκημένους
1421 659 1479 714 ε’ν
1502 659 1639 734 τιμῇ
1676 654 1925 735 ἄγονται·

321 743 638 819 νομίζοντες
669 742 899 805 ε’ωυτοῧς
931 742 1070 803 εἰναι
1101 741 1406 821 ἀνθρώπων
1430 747 1624 820 μακρῷ
1647 741 1719 802 τὰ
1743 741 1929 803 πάντα

321 829 603 907 ἀρίστους,
634 830 766 894 τοῦς
795 830 856 890 δὲ
885 829 1098 894 ἅλλους
1131 830 1273 890 κατοὶ
1297 830 1473 912 λόγον
1495 831 1595 891 τὸν
1620 829 1927 912 λεγόμενον

321 921 425 994 τῆς
463 917 664 995 ἀρετῆς
703 917 1056 997 ἀντέχεσθαι,
1081 918 1213 982 τοῦς
1242 919 1303 978 δὲ
1337 919 1623 980 ἑκαστάτω
1650 919 1927 982 οἰκέοντας

323 1003 437 1065 dura
479 1009 690 1067 ἑωυτῶν
726 1007 1024 1068 κακίστους
1054 1004 1215 1067 εἶναι.
1283 1008 1375 1066 ἐπὶ
1400 1007 1460 1066 δὲ
1494 1007 1705 1084 Μήδων
1728 1006 1925 1085 οἷρχόν-

322 1118 432 1153 των
471 1095 564 1153 καὶ
601 1093 744 1173 ἦρχε
778 1093 851 1154 τοὶ
885 1094 1046 1155 ἔθνεα
1085 1093 1373 1171 ἀλλήλων·
1430 1095 1794 1157 συναπάντων
1823 1098 1928 1173 μὲν

323 1182 516 1257 Μῆδοι
561 1183 655 1241 καὶ
693 1185 804 1242 τῶν
845 1178 1095 1263 ἄγχιστα
1136 1183 1423 1243 οἰκέοντων
1453 1185 1645 1260 σφίσι,
1680 1181 1834 1244 οὗτοι
1870 1184 1929 1244 δὲ

325 1271 418 1328 καὶ
442 1273 554 1330 τῶν
579 1269 844 1347 ὁμούρων,
867 1273 922 1330 οἰ
948 1269 1008 1329 δὲ
1033 1269 1290 1346 μάλιστα
1306 1275 1417 1331 τῶν
1438 1271 1733 1349 ἐχομένων.
1787 1271 1931 1330 κατὰ

323 1356 426 1416 τόν
453 1356 618 1417 αὐτὸν
645 1357 704 1416 δὲ
729 1355 904 1440 λόγον
929 1357 1024 1416 καὶ
1048 1360 1103 1417 οἰ
1129 1358 1357 1434 Πέρσαι
1373 1363 1597 1435 τιμῶσι·
1625 1359 1930 1435 προέβαινε

323 1443 440 1524 γὰρ
467 1444 534 1520 δὴ
558 1443 622 1504 τὸ
649 1446 802 1508 ἔθνος
827 1444 1004 1525 ἅρχον
1021 1469 1085 1505 τε
1103 1447 1197 1505 καὶ
1222 1448 1602 1522 ἐπιτροπεῦον.
1668 1445 1890 1508 Ξεινικιὶ
1910 1448 2023 1506 135

328 1531 391 1591 δὲ
427 1532 632 1610 νόμαια
663 1534 890 1612 Πέρσαι
918 1533 1249 1611 προσίενται
1282 1531 1495 1609 ἀνδρῶν
1520 1533 1797 1611 μάλιστα·
1838 1533 1931 1593 καὶ

325 1619 438 1701 γσῖρ
473 1620 541 1697 δὴ
574 1621 680 1697 τὴν
715 1620 974 1697 Μηδικὴν
1002 1621 1219 1698 ε’σθῆτα
1242 1622 1572 1698 νομίσαντες
1594 1625 1695 1698 τῆς
1722 1624 1931 1682 ἑωυτῶν

329 1708 469 1769 εἶναι
507 1710 724 1770 καλλίω
765 1709 1056 1788 φορέουσι,
1095 1709 1191 1770 καὶ
1228 1714 1285 1774 ἐς
1320 1708 1451 1775 τοῦς
1487 1710 1773 1789 πολέμους
1802 1709 1933 1775 τούς

328 1799 666 1879 Αἰγυπτίους
692 1798 956 1875 θώρηκας.

411 1886 530 1945 Καὶ
551 1886 842 1949 εὐπαθείας
863 1912 927 1947 τε
951 1885 1309 1950 παντοδαπας
1324 1887 1772 1964 πυνθανόμενοι’
1748 1912 1932 1963 επιτη-

330 1974 569 2049 δεύουσι,
613 1975 706 2033 καὶ
746 1973 814 2051 δη
857 1976 950 2033 καὶ
988 1972 1082 2034 ἀπ’
1123 1974 1413 2051 Ἑλλήνων
1452 1975 1723 2051 μαθόντες
1764 1977 1933 2034 παισὶ

327 2063 650 2143 μίσγονται.
716 2063 996 2143 γαμέουσι
1031 2061 1133 2122 δ”
1105 2088 1339 2125 εκαστος
1373 2062 1553 2120 αὐτῶν
1582 2061 1806 2123 πολλοῖς
1830 2064 1935 2135 μὲν

331 2150 610 2227 κουριδίας
641 2154 918 2230 γυναῖκας,
957 2154 1157 2227 πολλῷ
1184 2148 1228 2209 δ’
1257 2150 1335 2207 ἔτι
1361 2152 1603 2211 πλεῦνας
1637 2148 1935 2211 παλλακὰς

331 2243 584 2298 κτῶνται.
649 2237 1026 2318 Ἀνὸραγαθίη
1069 2236 1115 2297 δ’
1154 2235 1293 2312 αὕτη
1338 2236 1712 2307 ἀποδέδεκται,
1752 2236 1895 2312 μετὰ
1914 2239 2028 2297 136

330 2325 399 2384 τό
435 2326 726 2406 μάχεσθαι
761 2326 900 2385 εἶναι
940 2324 1172 2407 οἷγαθὸν,
1206 2324 1267 2388 ὃς
1299 2323 1366 2385 ἂν
1398 2323 1651 2387 πολλοῦς
1690 2323 1934 2404 ἀποδέξῃ

333 2414 555 2478 παῖδας·
607 2419 686 2493 τῷ
729 2414 789 2473 δὲ
832 2414 964 2491 τοῦς
1013 2415 1317 2477 πλείστους
1367 2412 1745 2475 ἀποδεικνύντι
1786 2415 1937 2490 δῶρα

335 2502 605 2580 ἐκπέμπει
642 2503 676 2563 ὁ
711 2502 991 2578 βασιλεῦς
1030 2501 1137 2563 <ivd
1174 2506 1289 2563 πᾶν
1332 2502 1469 2565 ἔτος·
1518 2500 1586 2561 τό
1626 2503 1850 2564 πολλὸν,
1889 2502 1936 2562 δ’

333 2588 568 2671 ἡγέαται
614 2589 848 2670 ἰσχυρὸν
887 2590 1044 2651 εἶναι.
1112 2588 1439 2649 παιδεύουσι
1474 2591 1533 2650 δὲ
1570 2588 1700 2655 τοῧς
1737 2591 1938 2653 παῖδας

336 2676 448 2737 ἆπό
491 2680 816 2741 πενταέτεος
857 2676 1155 2755 ἀρξάμενοι
1195 2678 1363 2757 μέχρι
1410 2680 1769 2745 εἰκοσαέτεος,
1810 2678 1939 2753 τρία

335 2769 532 2841 μοῦνα,
562 2765 812 2826 ἱππεύειν
838 2766 930 2825 καί
963 2765 1209 2835 τοξεύειν
1235 2766 1327 2824 καὶ
1352 2764 1739 2842 ἀληθίζεσθαι.
1805 2764 1939 2839 πρὶν

337 2852 399 2913 δὲ
437 2852 474 2931 ἢ
513 2855 814 2931 πενταέτης
851 2853 1095 2933 γένηται,
1123 2852 1224 2913 οὐκ
1264 2851 1579 2913 ἀπικνέεται
1610 2857 1666 2915 ἐς
1698 2850 1829 2929 ὄψιν
1861 2855 1944 2934 τῷι

336 2936 524 3020 πατρῖ
549 2942 706 3002 ἀλλὰ
744 2942 900 3020 παρὰ
939 2945 1075 3019 τῇσι
1113 2942 1331 3023 γυναιξὶ
1366 2941 1581 3001 δίαιταν
1606 2940 1739 3018 ἔχει·
1779 2938 1941 2998 τοῦδε

303 3042 310 3049 ’
339 3030 521 3091 εἵνεκα
543 3035 712 3091 τοῦτο
739 3030 880 3091 οὕτω
907 3030 1170 3101 ποιέεται,
1190 3030 1281 3089 ἵνα
1304 3027 1374 3103 ἦν
1390 3026 1645 3105 ἀποθάνῃ
1668 3024 1941 3103 τρεφόμε-

338 3143 434 3181 νος
456 3119 734 3196 μηδεμίαν
759 3117 908 3194 ἄσην
930 3120 1008 3195 τῷ
1034 3117 1207 3194 πατρὶ
1231 3114 1565 3192 προσβάλῃ.

423 3208 600 3267 Αἰνέω
625 3207 731 3283 μέν
756 3232 854 3265 νυν
876 3204 1035 3264 τόνδε
1061 3203 1160 3264 τὸν
1184 3201 1373 3279 νόμον·
1401 3201 1559 3259 αἰνέω
1587 3200 1646 3259 δὲ
1674 3200 1765 3259 καὶ
1784 3198 1903 3261 τόν·
1923 3199 2035 3260 137

341 3296 422 3367 δε,
448 3294 514 3355 τό
539 3294 620 3372 μὴ
645 3298 782 3371 μιῆς
807 3292 982 3367 αἰτίης
1010 3292 1190 3351 εἵνεκα
1214 3288 1358 3366 μήτε
1382 3285 1549 3348 αὐτὰν
1566 3287 1667 3348 τὸν
1690 3288 1944 3364 βασιλέα
