2250 3500
320 175 610 241 167—171]
1017 177 1247 229 mmm.
1860 179 1929 231 aa

317 251 594 331 α’πώνητο,
639 252 774 314 ἀλλ’
813 253 926 316 ὖπό
967 255 1221 331 Θρηίκων
1262 254 1585 325 ἐξελασθεὶς
1622 253 1791 334 τιμᾶς
1826 259 1927 320 νῦν

317 340 429 402 §ard
455 341 637 418 Τηΐων
660 346 770 401 τῶν
796 347 856 402 ἐν
878 341 1222 419 Ἀβδήροισι
1248 340 1319 405 ὥς
1342 340 1487 419 ἥρως
1510 343 1646 421 ἔχει.

403 425 580 488 Οὗτοι
620 429 725 504 μέν
768 455 866 490 νυν
905 429 1102 489 Ἰώνων
1154 432 1352 505 μοῦνοι
1390 428 1496 504 τὴν
1534 429 1881 509 δουλοσύνην
1901 436 2017 497 169

319 513 421 575 οὔκ
453 515 780 594 ἀνεχόμενοι
813 517 1071 586 ἐξέλιπον
1103 516 1207 579 τὰς
1246 515 1535 594 πατρίδας·
1576 520 1631 577 οἱ
1666 517 1713 577 δ’
1754 517 1925 582 ἄλλοι

319 602 510 674 Ἰωνες,
563 603 718 680 πλὴν
767 604 1086 680 Μιλησίων,
1142 603 1235 664 διὰ
1278 603 1465 682 μάχης
1508 607 1613 680 μὲν
1658 603 1926 670 α’πικέατο

318 687 584 772 Ἀρπάγῳ
609 691 857 770 κατάπερ
885 695 938 751 οἱ
970 690 1309 761 ἐκλιπόντες,
1337 691 1431 750 καὶ
1456 689 1647 769 ἅνδρες
1672 692 1926 774 ἐγένοντο

319 777 524 859 ἀγαθοὶ
562 779 692 857 περὶ
731 783 834 854 τῆς
874 782 1075 839 ἑωυτοῦ
1118 779 1353 844 ἕκαστος
1386 777 1714 859 μαχόμενοι,
1748 783 1925 844 ἐσσω-

319 865 506 932 θέντες
546 867 608 928 δὲ
649 867 742 928 καὶ
781 866 1012 932 ἑλόντες
1050 867 1243 945 ἔμενον
1283 866 1424 928 κατὰ
1462 867 1653 947 χώρην
1696 868 1925 932 ἔκαστοι

318 953 412 1013 καὶ
452 954 524 1015 τοὶ
561 953 981 1033 ἐπιτασσόμενα
1021 955 1332 1015 ἐπετέλεον.
1414 954 1698 1032 Μιλήσιοι
1738 955 1815 1028 δὲ,
1852 957 1925 1022 ὥς

207 1043 218 1052 ”
316 1042 412 1101 καὶ
434 1041 706 1121 πρότερόν
727 1067 828 1121 μοι
854 1043 1080 1120 εἴρηται,
1101 1041 1251 1121 αὐτῷ
1275 1041 1443 1123 Κύρῳ
1470 1041 1658 1120 ὅρκιον
1681 1045 1919 1122 ποιησά-

312 1154 474 1205 μενοι
519 1128 764 1210 ἡσυχίην
803 1129 965 1210 ἆγον.
1037 1129 1181 1190 οὕτω
1222 1128 1292 1206 δή
1330 1129 1399 1190 τό
1444 1129 1699 1209 δεύτερον
1736 1130 1921 1210 Ἰωνίη

315 1216 670 1278 ἐδεδούλωτο.
739 1216 813 1283 ὥς
849 1218 910 1278 δὲ
941 1217 1072 1282 τούς
1105 1223 1167 1279 ἐν
1206 1221 1279 1296 τῇ
1312 1215 1525 1298 ἠπείρῳ
1544 1217 1741 1284 Ἴωνας
1778 1223 1921 1299 ἐχει-

269 1349 282 1360 .
312 1303 540 1382 ρώσατο
559 1304 868 1387 Ἅρπαγος,
905 1307 960 1366 οἶ
989 1304 1092 1368 τὰς
1125 1303 1333 1382 νήσους
1368 1305 1587 1384 ἔχοντες
1606 1305 1791 1371 Ἴωνες
1826 1333 1921 1367 κα·-

311 1392 766 1470 ταρρωδῆσαντες
790 1397 982 1464 ταῦτα,
1007 1393 1196 1468 σφέας
1220 1391 1421 1455 αὐτοῦς
1447 1393 1649 1454 ἔδοσαν
1674 1393 1855 1473 Κύρῳ.

361 1517 370 1524 ·
399 1482 807 1559 Κεκακωμένων
831 1481 891 1541 δὲ
913 1479 1127 1552 Ἰώνων,
1149 1479 1242 1539 καὶ
1268 1479 1698 1560 συλλεγομένων
1724 1479 1881 1541 οὐδὲν
1900 1481 2014 1542 170

311 1565 505 1643 ἧσσον
529 1574 585 1633 ἐς
613 1569 682 1631 τὰ
715 1568 1043 1640 Πανιώνιον,
1070 1566 1420 1646 πυνθάνομαι
1450 1567 1677 1650 γνώμην
1706 1569 1919 1630 Βίαντα

313 1653 488 1734 ἄνδρα
536 1658 789 1735 Πριηνέα
839 1655 1223 1727 ἀποδέξασθαι
1258 1653 1419 1716 Ἴωσι
1463 1655 1915 1736 χρησιμωτάτην·

311 1748 386 1823 τῇ
419 1748 470 1806 εἰ
504 1745 806 1818 ἐπείθοντο,
844 1747 1082 1825 παρεῖχε
1123 1743 1195 1806 ἄν
1234 1752 1349 1822 σφι
1385 1742 1755 1824 εὐδαιμονέειν
1787 1743 1917 1805 Ἐλ-

312 1831 497 1908 λήνων
535 1831 810 1911 μάλιστα·
868 1833 931 1897 ὃς
971 1834 1191 1893 ἐκέλευε
1239 1842 1277 1869 “
1292 1834 1454 1912 κοινῷ
1496 1832 1691 1914 στόλῳ
1721 1832 1917 1898 Ἴωνας

311 1918 608 1998 αἐρθέντας
644 1920 839 1981 πλέειν
879 1925 934 1983 ἐς
973 1918 1187 1998 Σαρδώ,
1231 1920 1325 1979 καὶ
1356 1922 1545 1981 ἔπειτα
1574 1920 1745 1983 πόλιν
1782 1922 1918 1998 μίαν

313 2009 514 2079 κτίζειν
564 2008 784 2069 πάντων
830 2006 1046 2069 Ἰώνων·
1116 2008 1210 2067 καὶ
1262 2006 1403 2068 οὕτω
1448 2007 1918 2086 ἀπαλλαχθέντας

312 2098 498 2171 σφέας
523 2096 867 2173 δουλοσύνης
895 2094 1330 2172 εὐδαιμονήσειν,
1358 2092 1545 2170 νήσων
1568 2118 1631 2153 τε
1656 2092 1918 2153 ἁπασέων

310 2185 588 2264 μεγίστην
629 2184 962 2262 νεμομένους
1001 2182 1094 2241 καὶ
1133 2180 1407 2259 ἄρχοντας
1433 2179 1644 2239 ἄλλων·
1682 2180 1917 2256 μένουσι

312 2270 376 2331 δέ
412 2278 526 2349 σφι
565 2277 624 2333 ἐν
662 2275 736 2351 τῇ
773 2270 954 2351 Ἰωνίῃ
995 2268 1096 2330 οὐκ
1130 2271 1241 2345 ἔφη
1274 2271 1469 2345 ἐνορᾶν
1496 2265 1811 2345 ἐλευθερίην
1837 2268 1919 2327 ἔτι

311 2359 632 2437 ἐσομένην.”
699 2359 840 2437 αὕτη
874 2362 980 2437 μὲν
1017 2358 1254 2420 Βίαντος
1282 2359 1385 2416 τοῦ
1419 2354 1693 2433 Πριηνέος
1722 2354 1917 2437 γνώμη

313 2448 405 2506 ἐπὶ
449 2446 909 2525 διεφθαρμένοισι
939 2444 1102 2506 Ἴωσι
1144 2444 1435 2527 γενομένη·
1475 2442 1700 2523 χρηστὴ
1732 2443 1795 2503 δὲ
1825 2443 1917 2503 καὶΙ

311 2534 443 2612 πρὶν
472 2532 512 2611 ἢ
543 2534 918 2613 διαφθαρῆναι
940 2532 1154 2609 Ἰωνίην
1179 2530 1377 2592 Θάλεω
1402 2530 1600 2609 α’νδρὸς
1624 2533 1918 2645 Μιλησίου

311 2623 652 2703 ἐγένετο,τό
692 2621 955 2682 οἷνέκαθεν
984 2620 1145 2702 γένος
1181 2618 1368 2683 ἐόντος
1396 2619 1667 2683 Φοίνικος·
1708 2618 1771 2682 ὃς
1806 2619 1916 2678 ἐκέ-

308 2713 442 2770 λευε
477 2716 513 2746 “
531 2710 560 2737 ⁶
531 2708 1024 2787 ενβουλευτήριον
1050 2706 1247 2770 Ἴωνας
1278 2706 1563 2782 ἐκτῆσθαι,
1597 2730 1665 2765 το
1692 2705 1753 2763 δὲ
1780 2704 1919 2763 εἶναι

310 2802 372 2858 ἐν
394 2797 532 2877 Τέω·
579 2798 731 2858 Τέων
752 2795 864 2877 γάρ
888 2796 1069 2873 μέσον
1094 2794 1235 2857 εἶναι
1256 2792 1508 2870 Ἰωνίης·
1523 2817 1623 2856 τας
1648 2791 1709 2850 δε
1734 2789 1919 2853 αλλας

308 2884 517 2949 πόλιας
543 2885 858 2962 οἰκεομένας
881 2879 1117 2961 μηδὲν’
1079 2906 1270 2958 ησσον
1308 2879 1635 2957 νομίζεσθαι
1668 2876 1915 2953 κατάπερ

309 2976 360 3033 εἲ
407 2974 577 3051 δῆμοι
622 2970 780 3034 εἶεν.”
838 2996 978 3032 ουτω
1016 2972 1121 3049 μὲν
1162 2968 1232 3045 δή
1274 2974 1388 3044 σφι
1424 2964 1647 3049 γνώμας
1687 2962 1916 3026 τοιάσδε

308 3058 666 3131 ἀπεδέξαντο.

381 3147 675 3230 Ἅρπαγος
714 3149 775 3207 δὲ
815 3144 1370 3223 καταστρεψάμενος
1366 3141 1593 3217 Ἰωνίην,
1632 3139 1877 3199 ἐποιέετο
1896 3137 2005 3199 171

308 3236 620 3313 στρατηιην
646 3234 738 3295 ἐπὶ
764 3238 961 3311 Καρας
986 3258 1077 3292 και
1104 3230 1379 3293 Καυνίους
1406 3228 1498 3287 καὶ
1520 3228 1774 3298 Λυκίους,
1801 3225 1920 3303 ἅμα
1988 3259 2009 3271 2

308 3319 588 3399 ἀγόμενος
630 3321 724 3381 καὶ
755 3319 952 3383 Ἴωνας
998 3318 1092 3379 καὶ
1132 3316 1390 3378 Αἰολέας.
1459 3314 1572 3374 εἰσὶ
1610 3313 1671 3374 δὲ
1708 3311 1918 3376 τούτων
2024 3378 2031 3385 ,

2120 3400 2241 3449 A
