2250 3500
344 123 563 190 27-32]
924 127 1376 180 MEAIIOMENH.
1849 131 1944 182 291

1919 215 1946 232 ἢ

342 208 560 275 τοῦτον,
584 204 809 288 ἡμίονοι
834 207 895 268 δὲ
920 208 1013 266 καὶ
1038 207 1158 268 ὅνοι
1184 207 1284 268 οὐκ
1310 209 1604 288 α’νέχονται
1631 209 1834 290 α’ρχῆν·
1871 235 1946 288 τῃ

344 291 405 350 δὲ
431 290 585 371 ἄλλῃ
612 293 772 354 ἵπποι
797 297 901 371 μὲν
942 299 1003 355 ἐν
1041 300 1228 374 κρυμῷ
1264 300 1525 361 ἑστεῶτες
1555 297 1947 374 α’ποσφακελί-

343 379 523 457 ζουσι,
571 379 690 441 ὄνοι
734 382 794 442 δὲ
847 382 940 441 καὶ
980 381 1202 459 ἡμίονοι
1249 383 1560 464 ἀνέχονται.
1643 386 1842 446 Δοκέει
1886 385 1950 445 δέ
1963 387 2038 449 29

342 491 442 534 μοι
478 468 569 526 καὶ
606 467 676 529 τό
710 469 872 550 γένος
904 472 1017 530 τῶν
1049 471 1208 546 βοῶν
1246 469 1314 531 τό
1349 471 1522 532 κόλον
1556 471 1648 532 δια
1677 476 1854 532 ταῦτα
1881 471 1944 533 οὔ

342 553 507 630 φύειν
531 581 693 633 κερεα
718 556 933 618 αύτόθι·
973 560 1270 636 μαρτυρέει
1295 559 1359 618 δέ
1387 585 1498 636 μου
1534 563 1608 638 τῇ
1632 559 1827 642 γνώμῃ
1853 560 1945 620 καὶ

339 641 649 720 Ὀμήρου”
621 670 751 708 επος
778 649 837 706 έν
858 644 1243 725 Ὀδυσσείῃ*
1214 673 1344 726 εχον
1370 644 1494 707 ὦδε·

471 733 575 781 Καὶ
606 734 805 796 Διβυην,
842 732 922 784 ὅθι
951 733 995 784 τ’
1026 735 1162 797 ἄρνες
1191 737 1330 799 ἄφαρ
1362 736 1524 798 κεραοὶ
1556 736 1825 786 τελέθουσι·

339 801 543 879 ὀρθῶς·
565 806 867 880 εἰρημένον,
912 809 971 865 ἐν
1009 809 1168 865 τοῖσι
1209 807 1472 884 θερμοῖσι
1507 806 1652 886 ταχῦ
1700 807 1937 889 παραγί-

338 891 537 950 νεσθαι
560 891 634 951 τοὶ
660 893 843 970 κέρεα·
865 898 943 954 ἐν
972 893 1033 952 δὲ
1062 897 1218 953 τοῖσι
1250 897 1542 973 ἰσχυροῖσι
1573 891 1842 973 ψύχεσι*
1809 920 1846 1002 ῃ
1874 893 1940 954 οὗ

339 977 469 1052 φύει
497 980 659 1058 κέρεα
691 1004 765 1041 τα
796 979 999 1056 κτήνεα
1036 979 1236 1060 ἀρχὴν,
1263 979 1301 1058 ἢ
1328 981 1544 1059 φύοντα
1584 982 1716 1058 φύει
1752 981 1938 1064 μόγις.

338 1065 576 1127 ε’νθαῦτα
598 1068 703 1145 μέν
728 1093 825 1128 νυν
851 1066 943 1128 διὰ
965 1068 1038 1130 τοὶ
1064 1069 1247 1148 ψύχεα
1275 1070 1487 1152 γίνεται
1511 1075 1706 1132 ταῦτα.
1789 1078 1937 1130 Θωυ-
1955 1072 2034 1132 30

333 1153 490 1229 μείζω
522 1156 599 1226 δὲ,
636 1155 986 1236 (προσθήκας
1014 1156 1125 1238 γὰρ
1163 1157 1233 1232 δή
1262 1183 1363 1234 μοι
1391 1158 1424 1218 ὁ
1456 1157 1628 1239 λόγος
1665 1158 1730 1228 ἐξ
1758 1158 1936 1238 ἀρχῆς

337 1240 602 1324 ἐδίζητο,)
618 1243 707 1304 ὅτι
742 1249 803 1303 έν
839 1245 913 1322 τῇ
940 1243 1144 1324 Ἠλείῃ
1174 1243 1336 1324 πάσῃ
1375 1245 1532 1325 χώρῃ
1573 1245 1638 1306 ού
1681 1247 1934 1306 δυνέαται

332 1331 593 1410 γίνεσθαι
642 1331 895 1410 ἡμίονοι,Ι
932 1331 1058 1392 οὔτε
1111 1337 1332 1411 ψυχροῦ
1376 1337 1477 1393 τοῦ
1524 1333 1710 1412 χώρου
1751 1333 1938 1397 ἐόντος

334 1417 463 1478 οὔτε
488 1418 671 1480 ἄλλου
710 1424 959 1497 φανεροῦ
1000 1421 1179 1480 αἰτίου
1221 1419 1459 1483 οὐδενός·
1501 1421 1652 1496 φασὶ
1688 1419 1746 1478 δὲ
1778 1418 1936 1480 αὐτοὶ

331 1503 555 1566 Ἠλεῖοι
596 1513 657 1567 ἔκ
700 1507 943 1586 κατάρης
981 1533 1077 1568 τευ
1110 1507 1176 1567 οὗ
1210 1508 1474 1589 γίνεσθαί
1511 1514 1624 1583 σφι
1654 1505 1933 1584 ἡμιόνους·

332 1591 467 1654 ἀλλ’
506 1595 676 1656 ἐπεαῖν
714 1597 927 1675 προσίῃ
968 1595 1007 1672 ἤ
1047 1594 1160 1673 ὥρη
1201 1596 1534 1668 κυΐσκεσθαι
1571 1595 1674 1659 τοΪς
1715 1595 1934 1665 ἵππους,

332 1685 360 1742 ε’
394 1682 693 1745 ελαύνουσι
720 1689 775 1748 ἐς
797 1683 927 1747 τούς
951 1683 1383 1764 πλησιοχώρους
1409 1683 1596 1748 αὐτάς·
1629 1684 1720 1742 καὶ
1747 1682 1936 1744 ἔπειτά

332 1776 447 1847 σφι
486 1776 543 1832 έν
581 1776 655 1852 τῇ
688 1776 800 1833 τῶν
818 1773 1017 1836 ,πέλας
1053 1778 1259 1833 ἐπιεῖσι
1295 1773 1427 1837 τούς
1461 1772 1636 1843 ὅνους,
1675 1778 1730 1837 ἐς
1762 1770 1828 1833 οὗ
1863 1770 1932 1833 ἂν

331 1861 521 1938 σχῶσι
547 1863 606 1919 αἰ
633 1860 794 1920 ἵπποι
819 1864 878 1920 ἐν
900 1862 1128 1941 γαστρί·
1171 1863 1359 1921 ἔπειτα
1384 1861 1443 1920 δὲ
1476 1860 1660 1922 ὀπίσω
1686 1859 1930 1920 οἷπελαύ-

330 1971 515 2007 νουσι.
595 1948 743 2025 Περὶ
782 1948 841 2029 δὲ
873 1951 985 2009 τῶν
1028 1948 1262 2025 πτερῶν,
1281 1952 1402 2027 ιτῶν
1443 1948 1655 2013 Σκύθαι
1693 1948 1928 2028 λέγουσι
1945 1949 2020 2007 31

330 2032 621 2096 α’νοῖπλεων
649 2036 787 2096 εἶναι
811 2034 910 2097 τὸν
933 2035 1091 2113 ἠέρα,
1118 2035 1214 2093 καὶ
1249 2034 1459 2094 τούτων
1495 2034 1674 2094 εἵνεκα
1710 2034 1810 2092 οὐκ
1837 2033 1930 2093 οἶά

328 2147 393 2182 τε
430 2122 567 2183 εἶναι
600 2122 727 2184 οὔτε
758 2123 890 2183 ἰδεῖν
928 2122 995 2182 τὸ
1036 2121 1234 2199 πρόσω
1273 2123 1376 2197 τῆς
1413 2120 1647 2197 ἠπείρου
1687 2120 1813 2180 οὔτε
1852 2120 1930 2179 δι-

331 2209 549 2281 εξιέναι,
572 2210 736 2288 τήνδε
763 2212 871 2291 ἔχω
897 2210 1026 2288 περὶ
1052 2209 1232 2289 αὐτῶν
1257 2208 1362 2285 τήν
1385 2208 1629 2290 γνώμην·
1668 2207 1744 2269 τὰ
1769 2207 1928 2268 κατύ-

328 2299 502 2375 περθε
538 2298 742 2381 ταύτης
778 2303 879 2376 τῆς
917 2297 1102 2377 χώρης
1141 2297 1250 2357 αἰεὶ
1287 2298 1526 2374 νίφεται,
1555 2295 1831 2358 ἐλάσσονι
1872 2296 1932 2355 δὲ

329 2389 430 2445 τοῦ
458 2385 703 2462 θέρεος*
668 2413 705 2462 η
731 2390 832 2447 τοῦ
856 2390 1143 2465 χειμῶνος,
1173 2384 1362 2464 ὥσπερ
1392 2386 1485 2446 καὶ
1517 2383 1684 2449 οἰκός·
1724 2382 1899 2461 ᾔδη’
1860 2410 1934 2445 ων

330 2499 489 2537 οστις
506 2472 766 2555 ἀγχόθεν
798 2474 965 2553 χιόνα.
993 2473 1170 2551 οἷδρήν
1200 2475 1520 2535 πίπτουσαν
1561 2474 1687 2545 εἶδε,
1716 2474 1832 2533 οἶδε
1863 2500 1930 2533 το

329 2563 499 2642 λέγω·
542 2563 685 2622 ἔοικε
720 2588 831 2645 γαρ
866 2561 905 2639 ἦ
943 2560 1083 2642 χιῶν
1110 2566 1391 2641 πτεροῖσι·
1433 2561 1526 2622 καὶ
1562 2561 1653 2620 διὰ
1680 2560 1782 2622 τόν
1815 2586 1931 2639 χει-

328 2653 489 2727 μῶνα
512 2652 712 2711 τοῦτον
738 2650 902 2711 ε’όντα
924 2653 1195 2722 τοιοῦτον,
1223 2650 1458 2727 ἀοίκητα
1481 2675 1554 2709 τα
1583 2673 1724 2726 προς
1747 2649 1933 2723 βορῆν

331 2743 458 2798 ἐστι
494 2741 598 2814 τῆς
635 2737 867 2816 ἠπείρου
906 2737 1125 2814 ταύτης·
1180 2736 1254 2799 τοὶ
1290 2737 1364 2799 ὧν
1403 2733 1580 2814 πτερὰ
1621 2733 1934 2804 εἰκάζοντας

322 2825 435 2903 ,τήν
460 2826 625 2907 χιόνα
647 2826 777 2889 τοῦς
804 2825 1023 2891 Σκύθας
1053 2850 1115 2885 τε
1147 2824 1240 2883 καὶ
1272 2823 1402 2885 τοῦς
1424 2820 1737 2899 περιοίκους
1763 2820 1934 2879 δοκέω

329 2916 539 2995 λέγειν.
620 2917 799 2987 ταῦτα
847 2914 952 2992 μέν
1017 2937 1115 2974 νυν
1179 2910 1253 2971 τοὶ
1317 2909 1544 2990 λέγεται
1608 2907 1934 2991 μακρότατα

332 3003 565 3080 εἴρηται.

411 3089 803 3170 Ὑπερβορέων
844 3090 903 3167 δὲ
941 3088 1072 3167 πέρι
1109 3083 1413 3165 ἀνθρώπων
1453 3082 1579 3144 οὕτε
1616 3108 1672 3143 τι
1719 3070 1930 3147 Σκύθαι
1951 3081 2028 3141 32

329 3176 588 3259 λέγουσι,
605 3177 731 3237 οὔτε
754 3180 897 3240 τινὲς
921 3175 1094 3235 ἄλλοι
1116 3179 1230 3236 τῶν
1250 3171 1426 3253 ταύτῃ
1447 3170 1762 3247 οἰκημένων,
1784 3173 1833 3228 εἰ
1853 3168 1936 3245 μὴ

331 3263 443 3343 ἄρα
470 3264 813 3343 Ἰσσηδόνες·
856 3263 927 3327 ὥς
952 3262 1053 3321 δ”
1028 3261 1136 3343 εγῶ
1163 3262 1348 3331 δοκέω,
1378 3258 1488 3320 οὐδ’
1517 3257 1670 3319 οὗτοι
1695 3257 1932 3343 λέγουσι
