2250 3500
355 163 451 212 126
964 158 1328 208 ἩΡοΔοΤοί·
1848 154 1955 220 [11.

350 241 424 300 τοὶ
456 237 609 309 δεξιοὶ
635 239 901 315 φέροντες
928 237 1034 313 τὴν
1061 240 1243 317 χεῖρα,
1272 234 1569 316 Αἰγύπτιοι
1604 233 1667 294 δὲ
1700 231 1816 294 dm?
1841 237 1961 294 τῶν

353 327 544 396 δεξιῶν
575 325 666 385 ἐπὶ
701 325 773 385 ταῖ
805 324 1091 403 ἀριστερά·
1135 326 1227 385 καὶ
1258 326 1540 386 ποιεῦντες
1568 327 1766 392 ταῦτα,
1794 322 1961 382 αὐτοὶ

352 415 457 491 μέν
478 420 626 490 φασι
654 413 744 472 ε’πὶ
766 413 917 483 δεξιοὶ
935 413 1141 472 ποιέειν
1154 411 1444 487 Ἕλληνας
1470 409 1531 469 δὲ
1558 410 1641 469 ἔπ’
1662 409 1957 487 ἀριστερά.

357 501 678 578 διφασίοισι
704 501 763 561 δὲ
789 500 1088 583 γράμμασι
1111 502 1401 580 χρέωνται·
1436 499 1529 558 καὶ
1554 497 1627 559 τὰ
1650 499 1755 575 μὲν
1774 498 1963 559 αὐτῶν

357 589 449 668 ἱροὶ
472 590 544 651 τσῖ
570 590 629 650 δὲ
655 589 926 666 δημοτικᾶ
953 589 1226 650 καλέεται.

260 677 337 740 37
437 679 750 756 Θεοσεβέες
791 677 851 737 δὲ
888 680 1175 753 περισσῶς
1217 674 1398 739 ἐόντες
1434 673 1693 752 μάλιστα
1731 673 1963 736 πάντων

355 764 672 845 ἀνθρώπων,
700 764 926 842 νόμοισι
954 763 1224 824 τοιοίσιδε
1248 764 1537 843 χρέωνται.
1607 767 1669 821 ἐκ
1697 764 1961 842 χαλκέων

355 855 633 930 ποτηρίων
671 854 916 922 πίνουσι,
949 851 1317 927 διασμέωντες
1352 849 1458 910 ἀνὰ
1494 852 1690 910 πᾶσαν
1721 850 1957 927 ἡμέρην,

356 941 457 1001 οὐκ
497 941 531 1001 ὅ
569 943 674 1018 μὲν
705 940 738 1001 ὁ
777 938 824 999 δ’
857 938 939 1009 οὔ,
974 938 1130 999 ἀλλὰ
1164 937 1385 1003 πάντες.
1456 940 1654 1014 εἵματα
1692 938 1755 998 δὲ
1792 939 1959 1000 λίνεα

357 1029 631 1106 φορέουσι
656 1028 762 1086 αἰεὶ
787 1026 1082 1098 νεόπλυτα,
1112 1025 1521 1104 ἐπιτηδεύοντες
1544 1029 1713 1086 τοῦτο
1742 1025 1957 1103 μάλισ-

354 1141 446 1176 τα.
501 1114 574 1176 τά
598 1140 662 1175 τε
687 1115 870 1176 αἰδοῖα
888 1115 1319 1194 περιτάμνονται
1345 1113 1743 1193 καθαριότητος
1763 1116 1955 1175 εἴνεκε·

354 1207 729 1281 προτιμῶντες
765 1203 1000 1281 καθαροὶ
1035 1203 1175 1264 εἶναι
1208 1200 1247 1279 ἦ
1284 1201 1735 1280 εὐπρεπέστεροι.
1803 1204 1858 1261 οἱ
1888 1203 1958 1262 δὲ

357 1291 496 1368 ἱρέες
525 1290 812 1368 ξυρεῧνται
835 1295 951 1352 πᾶν
974 1291 1042 1352 τό
1073 1295 1241 1367 σῶμα
1267 1289 1359 1350 διὰ
1389 1289 1580 1367 τρίτης
1608 1289 1833 1368 ἡμέρης,
1865 1291 1958 1352 ἵνα

354 1379 498 1456 μήτε
525 1380 693 1458 φθεὶρ
711 1379 855 1460 μήτε
880 1378 1032 1440 ἄλλο
1057 1378 1315 1458 μυσαρὸν
1339 1378 1511 1455 μηδὲν
1532 1379 1819 1460 ἐγγίνηταί
1840 1385 1957 1454 σφι

354 1467 725 1547 θεραπεύουσι
769 1468 900 1534 τούς
945 1468 1122 1532 θεούς.
1205 1467 1423 1543 ε’σθῆτα
1468 1467 1529 1526 δὲ
1578 1466 1854 1544 φορέουσι
1886 1470 1957 1526 ὀἱ

360 1559 499 1634 ἱρέες
524 1560 714 1635 λινέην
738 1557 968 1664 μούνην,
991 1558 1083 1616 καὶ
1100 1555 1437 1632 ὖποδήματα
1458 1554 1734 1631 βύβλινα·
1768 1551 1957 1631 ἄλλην

356 1646 419 1704 δέ
449 1651 560 1722 σφι
594 1647 808 1721 ἐσθῆτα
849 1644 948 1704 οὐκ
990 1644 1173 1713 ἔξεστι
1208 1644 1431 1720 λαβεῖν,
1461 1642 1588 1702 οὐδὲ
1620 1641 1957 1719 υποδήματα

357 1730 530 1792 ἄλλα.
599 1735 829 1793 λοῦνται
861 1731 922 1791 δε
963 1729 1046 1796 δὶς
1078 1735 1181 1808 τῆς
1214 1731 1425 1809 ἦμερης
1464 1729 1701 1807 εκάστης
1741 1735 1954 1811 ψυχρῷ,

357 1820 450 1879 καὶ
487 1820 628 1883 δὶςε
603 1818 842 1901 εκάστης
875 1819 1086 1883 νυκτός.
1152 1819 1339 1884 ἄλλας
1371 1845 1435 1881 τε
1467 1820 1738 1898 θρησκίας
1779 1824 1956 1880 ε’πιτε-

358 1907 557 1968 λέουσι
601 1908 816 1985 μυρίας,
859 1906 931 1972 ὥς
971 1910 1145 1968 εἰπεῖν
1183 1906 1358 1989 λόγῳ.
1425 1908 1721 1987 πάσχουσι
1760 1907 1821 1967 δὲ
1860 1909 1957 1969 καὶ

356 1994 543 2078 ἀγαθὰ
569 1995 670 2057 οὖκ
700 1995 889 2077 ὀλίγα·
931 1995 1057 2057 οὔτε
1071 1988 1139 2057 ὓτι
1162 1995 1273 2078 γὰρ
1298 2000 1410 2057 τῶν
1441 1997 1662 2072 οἰκηΐων
1685 1997 1955 2074 τρίβουσι

358 2084 484 2147 οὔτε
510 2086 901 2157 δαπανέωνται,
923 2084 1080 2146 ἀλλὰ
1108 2086 1201 2145 καὶ
1229 2085 1383 2145 σιτία
1409 2086 1528 2160 σφί
1548 2090 1672 2144 ἐστι
1699 2083 1791 2162 {pot
1815 2111 1955 2146 πεσ-

357 2174 590 2252 σόμενα,
636 2176 728 2235 καὶ
775 2179 946 2254 κρεῶν
989 2174 1174 2253 βοέων
1222 2174 1316 2233 καὶ
1364 2173 1577 2252 χηνέων
1626 2172 1849 2248 πλῆθός
1896 2200 1956 2233 τι

360 2264 576 2343 ἑκάστῳ
599 2266 812 2345 γίνεται
841 2263 1082 2333 πολλὰν,
1107 2262 1320 2341 ἡμέρης
1352 2259 1608 2336 ἑκάστης·
1651 2260 1861 2320 δίδοται
1894 2261 1959 2321 δέ

357 2356 472 2425 σφι
505 2352 598 2409 καὶ
629 2350 777 2414 οἶνος
807 2350 1133 2427 ἀμπέλινος.
1200 2348 1403 2427 ἰχθύων
1433 2348 1495 2407 δὲ
1530 2346 1597 2408 οὔ
1622 2354 1736 2424 σφι
1772 2348 1955 2417 ἔξεστι

357 2437 671 2497 πάσασθαι.
759 2437 1000 2513 κυάμους
1047 2438 1108 2495 δὲ
1156 2434 1284 2497 οὔτε
1334 2463 1391 2498 τι
1441 2436 1603 2515 μάλα
1655 2437 1957 2513 σπείρουσι

361 2522 654 2604 Αἰγύπτιοι
682 2529 740 2583 ἐν
763 2528 836 2602 τῇ
861 2523 1034 2603 χώρῃ,
1059 2523 1191 2588 τούς
1218 2550 1282 2585 τε
1305 2525 1636 2606 γενομένους
1665 2523 1793 2584 οὔτε
1817 2525 1956 2603 τρό-

355 2636 525 2693 γουσι
565 2610 693 2671 οὔτε
734 2612 960 2691 ἕψοντες
996 2613 1316 2673 πατέονται·
1358 2616 1413 2672 οἱ
1449 2612 1509 2671 δὲ
1544 2611 1613 2688 δὴ
1652 2613 1789 2689 ἱρέες
1828 2612 1957 2673 οὐδὲ

357 2699 607 2778 ὁρέοντες
632 2698 942 2780 ἀνέχονται,
975 2702 1289 2779 νομίζοντες
1321 2699 1387 2760 οὗ
1421 2698 1668 2777 καθαρόν
1692 2725 1790 2777 μιν
1816 2700 1957 2761 εἶναι

357 2786 614 2867 ὄσπριον.
683 2792 867 2867 ἱρᾶται
894 2789 953 2848 δὲ
980 2789 1080 2850 οὐκ
1107 2790 1184 2853 εἷς
1211 2787 1451 2849 ἑκάστου
1479 2790 1590 2849 τῶν
1616 2788 1773 2858 θεῶν,
1800 2787 1957 2849 ἀλλὰ

355 2878 569 2937 πολλοὶ
588 2881 699 2938 τῶν
721 2877 797 2942 εἷς
817 2883 941 2938 ε’στι
961 2878 1274 2957 α’ρχιέρεως·
1303 2876 1470 2937 ἐπεοῖν
1490 2876 1554 2936 δέ
1574 2901 1660 2940 τις
1676 2874 1953 2957 ἀποθάνῃ,

356 2963 556 3025 τούτου
582 2964 615 3025 ὁ
641 2969 773 3028 παῖς
799 2965 1272 3026 ἀντικατίσταται.

262 3052 341 3110 38
437 3051 581 3115 Τοῦς
625 3052 686 3111 δὲ
725 3054 870 3129 βοῦς
909 3053 1040 3117 τοῦς
1085 3053 1313 3127 ἔρσενας
1357 3056 1459 3113 τοῦ
1502 3050 1773 3128 Ἐπάφου
1818 3052 1956 3113 εἶναι

356 3138 663 3212 νομίζουσι,
712 3141 806 3199 καὶ
855 3139 1057 3199 τούτου
1111 3138 1289 3197 εἵνεκα
1341 3139 1705 3216 δοκιμάζουσι
1759 3140 1958 3205 αὐτοῦς

359 3221 482 3283 ὧδε·
521 3228 690 3304 τρίχα
718 3225 790 3302 ἢν
830 3228 924 3286 καὶ
962 3228 1098 3302 μίαν
1125 3226 1309 3300 ἴδηται
1350 3232 1628 3287 ἐπεοῦσαν
1666 3230 1959 3305 μέλαιναν,

358 3307 424 3366 οὗ
451 3312 696 3386 καθαρὸν
715 3313 853 3371 εἶναι
871 3314 1098 3385 νομίζει.
1158 3313 1370 3384 δίζηται
1390 3315 1645 3375 δὲταῦτα
1670 3317 1763 3375 ἐπὶ
1780 3317 1963 3389 τούτῳ
