2250 3500
379 104 480 154 220
969 101 1340 151 ·m²0A01·o¹r
1841 96 1974 163 [111.

379 180 473 243 καὶ
507 178 880 258 Πολυκράτεα
915 177 1019 242 τᾶν
1048 178 1301 251 Αἰάκεος,
1333 178 1396 242 ὃς
1435 178 1574 257 ἔσχε
1615 176 1811 255 Σάμον
1847 182 1978 238 ε’πα·

378 266 605 331 ναστάς·
659 266 753 327 καὶ
795 265 869 327 τά
914 269 1019 345 μὲν
1064 269 1262 343 πρῶτα
1304 269 1471 345 τριχῆ
1517 264 1833 341 δασάμενος
1874 266 1980 341 τὴν

377 355 547 417 πόλιν
570 358 725 416 τοῖσι
750 353 1084 431 ἀδελφεοῖσι
1110 354 1500 433 Πανταγνώτῳ
1525 353 1620 413 καὶ
1651 354 1980 416 Συλοσῶντι

380 443 575 521 ἔνειμε·
622 441 766 521 μετά
806 442 884 512 δὲ,
908 442 1011 503 τᾶν
1048 444 1155 518 μὲν
1194 439 1374 501 αὐτῶν
1413 439 1743 504 ἀποκτείνας
1779 439 1880 501 τᾶν
1917 441 1979 501 δὲ

376 530 639 609 νεώτερον
664 532 1008 594 Συλοσῶντα
1042 529 1381 599 &emicas-'¹
1352 554 1489 608 εσχε
1520 532 1716 589 πᾶσαν
1738 527 1844 604 τὴν
1870 527 1979 591 Σά-

378 645 503 698 μον,
522 619 703 700 ισχων
722 618 799 688 δὲ,
820 618 1059 694 ξεινηΐην
1083 616 1302 694 Ἀμάσι
1326 621 1404 695 τῷ
1422 615 1710 727 Αἷγυπτου
1735 617 1980 693 βασιλει
1939 615 1981 639 ’“”

380 707 741 782 συνεθήκατο,
786 706 1019 782 πέμπων
1058 730 1121 765 τε
1163 704 1312 780 δῶρα
1352 729 1444 763 και
1490 699 1785 781 δεκόμενος
1822 702 1981 763 ἅλλα

378 794 510 873 παρ’
535 795 762 855 ἐκείνου.
830 798 890 855 ἐν
913 791 1097 873 χρόνω
1135 792 1194 851 δὲ
1226 790 1400 873 ὀλίγῳ
1425 789 1625 852 αὐτίκα
1653 795 1756 851 τοῦ
1789 795 1979 851 Πολυ-

380 881 608 960 κράτεος
638 881 711 941 τά
735 880 1042 962 πρήγματα
1072 880 1288 953 αὔξετο,
1319 879 1412 938 καὶ
1445 877 1518 955 ἦν
1542 879 1849 955 βεβωμένα
1871 877 1980 940 ἀνά

377 994 441 1031 τε
477 969 582 1045 τήν
620 967 833 1045 Ἰωνίην
873 969 967 1028 καὶ
1004 967 1111 1045 τὴν
1151 966 1336 1043 ἀλλην
1373 964 1647 1026 Ἑλλάδα·
1696 966 1831 1028 ὅκου
1867 966 1979 1048 γάρ

382 1055 589 1129 ἰθύσειε
643 1054 1050 1134 στρατεύεσθαι
1094 1054 1281 1115 πάντα
1334 1056 1389 1115 οἶ
1440 1053 1643 1133 ἐχώρεε
1695 1054 1977 1135 εὐτυχέως·

378 1145 573 1221 ἔκτητο
627 1143 687 1203 δὲ
736 1143 1202 1221 πεντηκοντέρους
1249 1167 1315 1204 τε
1368 1140 1566 1203 ἑκατὸν
1619 1142 1712 1202 καὶ
1760 1144 1980 1221 χιλίους

376 1232 626 1303 τοξότας.
683 1233 849 1310 ἔφερε
873 1233 933 1293 δὲ
960 1232 1052 1291 καὶ
1075 1230 1183 1311 ἥγε
1209 1230 1436 1300 πάντας,
1459 1230 1745 1307 διακρίνων
1765 1230 1976 1291 οὐδένα·

376 1324 455 1401 τῷ
486 1320 598 1401 γάρ
638 1321 792 1401 φίλῳ
820 1322 930 1397 ἔφη
959 1320 1285 1399 χαριεῖσθαι
1318 1322 1547 1396 μᾶλλον
1576 1317 1875 1383 ἀποδιδούς
1905 1319 1980 1380 τά

379 1410 557 1486 ἔλαβε
594 1407 633 1486 ἢ
674 1408 855 1489 ἀρχὴν
895 1408 1035 1486 μηδὲ
1075 1406 1297 1483 λαβών.
1365 1405 1580 1485 συχνάς
1617 1407 1723 1483 μὲν
1763 1406 1832 1483 δή
1870 1410 1980 1467 τῶν

381 1497 567 1574 νήσων
594 1496 815 1575 αἶρήκεε
845 1495 1041 1556 πολλὰ
1070 1494 1133 1554 δὲ
1168 1494 1261 1554 καὶ
1293 1496 1396 1570 τῆς
1429 1492 1663 1570 ἠπείρου
1697 1492 1893 1564 ἄστεα,
1920 1498 1980 1556 ἔν

376 1584 439 1644 δὲ
473 1584 542 1661 δὴ
573 1585 667 1643 καὶ
700 1586 991 1661 Λεσβίους
1023 1583 1378 1661 πανστρατιῇ
1408 1582 1755 1657 βοηθέοντας
1791 1586 1980 1659 Μιλη-

380 1673 563 1732 σίοισι
588 1673 868 1752 ναυμαχίῃ
896 1671 1181 1750 κρατήσας
1213 1670 1348 1730 εἷλε·
1391 1669 1448 1729 οἳ
1475 1669 1579 1745 τήν
1604 1669 1826 1748 τάφρον
1849 1671 1980 1750 περὶ

286 1761 361 1821 40
376 1759 445 1820 τὰ
467 1763 656 1840 τεῖχος
678 1759 746 1820 τό
774 1765 835 1819 ἐν
854 1759 1026 1839 Σάμῳ
1049 1763 1246 1820 πᾶσαν
1272 1753 1558 1836 δεδεμένοί
1576 1757 1808 1836 ὤρυξαν.
1862 1761 1988 1820 Καί

380 1871 487 1911 κως
519 1846 621 1907 τᾶν
650 1845 905 1925 Ἄμασιν
940 1846 1212 1926 εὐτυχέων
1245 1846 1503 1928 μεγάλως
1536 1844 1570 1906 ὅ
1608 1848 1980 1925 Πολυκράτης

379 1933 481 1995 οὐκ
506 1932 793 2007 ἐλάνθανε,
821 1933 979 1996 ἀλλά
1009 1937 1064 1996 οἱ
1091 1933 1244 1995 τοῦτ’
1268 1934 1341 2011 ἦν
1366 1935 1644 2011 ἐπιμελές·
1683 1939 1886 2014 πολλῷ
1919 1936 1980 1996 δὲ

377 2023 458 2084 ἔτι
482 2023 721 2088 πλεῧνός
740 2026 795 2085 οἶ
816 2022 1068 2103 εὐτυχίης
1084 2024 1394 2104 γινομένης,
1414 2022 1639 2103 γράψας
1658 2027 1714 2087 ἐς
1736 2025 1981 2101 βιβλίον

373 2111 508 2172 τάδε
533 2111 824 2174 ἐπέστειλε
850 2117 906 2176 ἔς
932 2111 1145 2188 Σάμον·
1179 2110 1472 2188 ’(Ἀμασις
1499 2111 1854 2189 Πολυκράτει
1875 2111 1980 2173 ὧδε

378 2200 553 2282 λέγει·
591 2199 697 2277 ήδῧ
726 2203 831 2278 μὲν
854 2198 1237 2261 πυνθάνεσθαι
1267 2197 1441 2276 ἄνδρα
1468 2199 1646 2274 φίλον
1671 2199 1765 2258 καὶ
1802 2199 1980 2270 ξεῖνον

380 2286 440 2346 εὖ
464 2286 816 2364 πρήσσοντα,
846 2288 972 2366 ἐμοὶ
1005 2287 1066 2348 δὲ
1096 2288 1158 2348 αἱ
1186 2287 1289 2348 σαὶ
1322 2286 1569 2368 μεγάλαι
1604 2285 1852 2367 εὐτυχίαι
1877 2287 1980 2348 οὐκ

380 2372 685 2451 ἀρέσκουσι
722 2375 790 2435 τό
831 2376 983 2435 θεῖον
1022 2376 1374 2455 ἐπισταμένῳ
1409 2373 1480 2439 ὥς
1519 2375 1642 2436 ἔστι
1682 2376 1978 2454 φθονερόν·

378 2462 478 2520 καί
496 2486 601 2525 κως
624 2461 1089 2539 βούλομαι-καὶ
1115 2462 1283 2527 αὐτὸς
1308 2463 1401 2523 καὶ
1424 2466 1536 2523 τῶν
1559 2462 1628 2524 ἂν
1647 2463 1980 2542 κήδωμαι-

377 2548 446 2611 τό
470 2550 576 2626 μέν
598 2574 656 2610 τι
683 2549 956 2630 εὐτυχέειν
978 2554 1091 2612 τῶν
1116 2551 1459 2633 πρηγμάτων
1482 2549 1549 2611 τό
1577 2550 1638 2610 δὲ
1663 2553 1978 2629 προσπταί-

379 2663 476 2712 ειν,
502 2637 751 2710 ἔναλλάξ
772 2639 1066 2716 πρήσσων·
1100 2641 1196 2699 καὶ
1222 2639 1363 2700 οὕτω
1389 2639 1671 2716 διαφέρειν
1689 2640 1789 2701 τὸν
1808 2644 1980 2700 αἰῶνα

378 2725 417 2804 ἢ
456 2726 732 2807 εὐτυχέειν
767 2727 842 2788 τὰ
886 2727 1089 2788 πάντα·
1147 2726 1344 2788 οὐδένα
1385 2726 1497 2809 γάρ
1539 2753 1616 2787 κω
1656 2727 1812 2810 λόγῳ
1853 2728 1978 2788 οἶδα

378 2813 640 2886 ἀκούσας,
668 2815 826 2880 ὅστις
851 2821 909 2881 ἐς
937 2817 1104 2880 τέλος
1140 2814 1206 2876 οὐ
1243 2819 1421 2879 κακῶς
1451 2815 1781 2892 ἐτελεύτησε
1807 2816 1978 2894 πρόρ-

376 2903 528 2979 ριζος
568 2902 838 2984 εὐτυχέων
875 2903 949 2965 τά
986 2903 1189 2966 πάντα.
1259 2902 1335 2963 σύ
1377 2902 1453 2964 ὧν
1491 2907 1588 2964 νῦν
1629 2905 1754 2981 ἐμοὶ
1793 2903 1978 2966 πειθό·

377 3014 542 3065 μενος
571 2993 815 3068 ποίησον
840 2991 984 3069 πρός
1005 2992 1107 3055 τοὶς
1138 2990 1390 3071 εὐτυχίας
1419 2991 1625 3052 τοιάδε·
1669 2992 1980 3070 φροντίσας

376 3075 447 3135 vd
487 3076 555 3137 ἂν
596 3104 756 3158 ευρῃς
797 3078 889 3139 ε’όν
926 3104 1018 3139 τοι
1054 3079 1331 3138 πλείστου
1371 3077 1528 3148 ἄξιον
1567 3079 1661 3139 καὶ
1699 3079 1785 3140 ἐπ’
1819 3108 1863 3159 ῳ
1901 3105 1977 3140 συ

378 3160 707 3243 ἀπολομένῳ
756 3166 1013 3241 μάλιστα
1065 3165 1170 3241 τήν
1223 3166 1415 3244 ψυχην
1470 3167 1760 3248 ἀλγήσεις,
1811 3172 1978 3229 τοῦτο

379 3245 643 3322 ἀπόβαλε
681 3277 823 3310 ουτω
863 3251 1002 3316 ὅκως
1039 3253 1239 3330 μηκέτι
1273 3252 1395 3327 ἥξει
1433 3258 1490 3318 ἐς
1527 3254 1869 3333 ανθρωπους·
1909 3254 1980 3334 ἦν
