2250 3500
310 151 372 198 44
802 193 808 198 ,
934 144 1304 196 ἮΡοΔοτοτ
1842 142 1915 208 [1

215 225 289 285 87
310 224 386 283 ἔτι
419 226 520 282 τοῦ
554 222 728 301 πυρός
761 227 1149 301 ἐπικρατῆσαι.
1230 222 1508 283 Ἐνθαῢτα
1540 220 1767 302 λέγεται
1802 219 1917 282 ὖπό

309 311 518 380 Λυδῶν,
548 315 801 388 Κροῖσον
827 311 1079 388 μαθόντα
1102 310 1208 386 τήν
1236 309 1427 387 Κύρου
1452 308 1820 388 μετάγνωσιν,
1846 308 1917 374 ὥς

312 400 426 475 ὥρα
450 398 634 458 πάντα
657 400 763 475 μὲν
794 397 968 475 ἄνδρα
993 398 1309 475 σβεννύντα
1333 397 1399 457 τό
1436 401 1549 474 πῦρ
1587 397 1921 472 δυναμένους

313 487 372 544 δὲ
399 485 580 545 οὐκέτι
607 487 968 562 καταλαβεῖν,
1008 485 1411 562 ἐπιβώσασθαι
1444 484 1544 544 τᾶν
1577 482 1919 546 Ἀπόλλωνα

312 573 758 652 ἐπικαλεόμενον,
805 575 856 633 εἶ
884 600 941 634 τι
973 577 1026 634 οἶ
1058 573 1464 653 κεχαρισμένον
1498 571 1561 641 ἐξ
1590 569 1761 630 αὐτοῦ
1792 573 1922 632 ἐδω-

309 662 471 740 ρήθη,
494 667 850 740 παραστῆναι
872 664 962 721 καὶ
983 661 1275 739 ῥύσασθαί
1288 686 1392 737 μεν
1413 665 1474 719 ἐκ
1494 662 1595 720 τοῦ
1614 658 1920 736 παρεόντος

311 754 501 809 κακοῦ·
552 750 653 811 τόν
695 753 799 826 μὲν
840 749 1147 826 δακρύοντα
1190 748 1584 808 ἐπικαλέεσθαι
1623 771 1724 806 τον
1770 748 1918 808 θεόν·

312 843 374 898 ἐκ
406 839 466 897 δὲ
499 838 712 914 αἰθρίης
744 861 808 896 τε
841 837 932 895 καὶ
967 861 1225 913 νηνεμιης
1265 825 1626 913 συνδραμέειν
1659 835 1921 912 ἐξαπίνης

310 925 499 1000 νέφεα,
529 926 620 982 καὶ
649 923 897 1001 χειμῶνά
929 949 994 984 τε
1028 928 1440 1004 καταρραγῆναι
1462 923 1563 981 καὶ
1595 920 1732 982 ὗσαι
1758 922 1918 984 ὕδατι

314 1009 670 1089 λαβροτάτῳ,
728 1012 1198 1087 κατασβεσθῆναί
1244 1037 1307 1070 τε
1352 1010 1459 1087 τήν
1510 1009 1709 1088 πυρήν·
1776 1010 1921 1071 οὕτω

313 1100 382 1174 δὴ
421 1097 675 1174 μαθόντα
703 1098 805 1158 τὸν
831 1103 1022 1174 Κῦρον
1048 1098 1120 1162 ὥς
1146 1099 1231 1174 εἴη
1263 1098 1294 1159 ὁ
1323 1102 1574 1175 Κροῖσος
1610 1098 1700 1156 καὶ
1728 1098 1919 1174 θεοφι-

311 1187 419 1263 λής
467 1187 558 1245 καὶ
603 1185 744 1264 ἀνὴρ
784 1186 1015 1267 ἀγαθὰς,
1065 1185 1539 1263 καταβιβάσαντα
1586 1184 1754 1246 αὗτόν
1802 1185 1919 1246 «ind

310 1279 410 1350 τῆς
475 1279 654 1351 πυρῆς
705 1274 954 1351 εἴρεσθαι
1010 1274 1162 1335 τάδε·
1230 1279 1509 1350 ’(Κροΐσε,
1562 1273 1647 1337 τίς
1698 1297 1769 1333 σε
1818 1272 1913 1334 οἷν·

311 1360 541 1441 θρῶπων
564 1362 843 1445 ἀνέγνωσε
869 1363 961 1423 ἐπὶ
983 1367 1108 1444 γῆν·
1116 1361 1221 1439 τὴν
1247 1362 1389 1440 ἐμὴν
1426 1360 1917 1438 στρατευσάμενον
1948 1404 1956 1412 -

309 1452 582 1528 πολέμιον
621 1451 746 1513 ἀντὶ
783 1451 962 1528 φίλου
997 1453 1121 1528 ἐμοὶ
1165 1448 1566 1525 καταστῆναι;”
1608 1448 1641 1509 ὁ
1674 1448 1735 1508 δὲ
1776 1449 1917 1509 εἶπε·

309 1538 396 1599 “u”
433 1542 701 1616 βασιλεῦ,
745 1539 853 1620 ἐγώ
891 1543 1068 1599 ταῦτα
1107 1539 1319 1615 ἔπρηξα
1368 1541 1440 1616 τῇ
1480 1541 1561 1615 σῇ
1599 1537 1703 1613 μὲν
1742 1535 1917 1596 εὔδαι-

310 1629 476 1706 μονίῃ
500 1632 573 1705 τῇ
601 1631 870 1704 ἐμεωυτοῦ
892 1626 952 1685 δὲ
979 1625 1392 1704 κακοδαιμονίῃ·
1428 1625 1601 1688 αἴτιος
1626 1625 1686 1683 δὲ
1710 1623 1919 1686 τούτων

317 1714 533 1796 ἐγένετο
561 1715 593 1774 ὅ
619 1713 909 1790 Ἑλλήνων
935 1713 1062 1778 θεὸς
1088 1714 1343 1791 ἐπαείρας
1370 1715 1465 1790 ἐμὲ
1491 1710 1915 1790 στρατεύεσθαι.

315 1801 492 1865 οὐδεὶς
531 1802 643 1882 γὰρ
687 1801 828 1861 οὕτω
869 1800 1100 1877 ἀνόητός
1143 1807 1267 1862 ἐστι
1299 1802 1360 1866 ὅς
1397 1827 1483 1865 τις
1523 1801 1775 1877 πόλεμον
1803 1799 1916 1878 πρὸ

316 1887 530 1966 εἰρήνης
577 1889 834 1967 αἱρέεται·
873 1894 951 1965 ,ἐν
999 1891 1104 1967 μὲν
1153 1890 1265 1971 γὰρ
1316 1895 1389 1968 τῇ
1427 1893 1501 1949 ὀἱ
1548 1890 1740 1953 παῖδες
1787 1886 1917 1953 τόῦς

309 1977 550 2055 πατέρας
577 1978 875 2038 θάπτουσι·
918 1982 978 2037 ἐν
1004 1977 1064 2035 δὲ
1088 1981 1182 2055 τῷ,
1206 1981 1259 2037 οἱ
1286 1978 1519 2054 πατέρες
1542 1976 1671 2041 τοῦς
1696 1976 1915 2040 παῖδας.

313 2064 468 2125 ἀλλὰ
490 2070 666 2127 ταῦτα
691 2064 926 2142 δαίμοσί
949 2090 1048 2124 κου
1074 2067 1251 2141 φίλον
1269 2064 1339 2141 ἦν
1367 2065 1507 2126 οὕτω
1531 2062 1847 2146 γενέσθαι.·”

221 2156 295 2214 88
391 2152 461 2213 ‘0
481 2157 584 2232 μὲν
601 2158 778 2216 ταῦτα
805 2156 983 2236 ἔλεγε.
1039 2158 1230 2232 Κῦρος
1248 2153 1308 2213 δὲ
1328 2152 1497 2213 αὐτὰν
1516 2151 1699 2217 λύσας
1720 2150 1920 2212 κάτισέ

313 2267 377 2302 τε
407 2243 570 2323 ἐγγῦς
596 2247 797 2303 ἑωυτοῦ
825 2244 918 2301 καὶ
946 2241 1122 2319 κάρτα
1150 2248 1209 2301 ἐν
1240 2244 1435 2317 πολλῇ
1466 2241 1754 2319 προμηθίῃ
1782 2238 1915 2318 εἶχε,

313 2328 676 2405 ἅπεθῶυμαζέ
708 2353 772 2388 τε
803 2328 975 2405 ὁρέων
1007 2328 1099 2386 καὶ
1136 2326 1304 2390 αὗτός
1340 2328 1433 2385 καὶ
1464 2330 1518 2385 οἶ
1550 2327 1679 2403 περὶ
1712 2330 1919 2387 ἐκεῖνον

316 2414 495 2493 ἐόντες
534 2415 755 2476 πάντες.
837 2414 871 2472 ὅ
911 2414 972 2472 δὲ
1009 2414 1239 2490 συννοίῃ
1276 2413 1541 2491 ἐχόμενος
1575 2412 1791 2490 ἥσυχος
1818 2412 1917 2491 ἦν·

312 2499 457 2579 μετὰ
493 2500 570 2571 δὲ,
609 2500 976 2578 ἐπιστραφείς
1009 2524 1074 2561 τε
1110 2501 1205 2558 καὶ
1240 2500 1488 2577 ἰδόμενος
1520 2498 1651 2561 τούς
1687 2499 1919 2578 Πέρσας

313 2588 380 2648 τό
416 2591 526 2646 τῶν
558 2588 754 2648 Λυδῶν
787 2586 934 2649 ἄστυ
965 2587 1314 2666 κεραΐζοντας
1347 2586 1485 2647 εἶπε·
1526 2585 1618 2646 “ὦ
1642 2587 1917 2663 βασιλεῦ,

315 2675 515 2753 κότερα
539 2677 726 2758 λέγειν
749 2676 890 2754 πρὸς
917 2678 988 2736 σὲ
1013 2675 1087 2736 τοὶ
1111 2675 1281 2737 νοέων
1304 2674 1575 2757 τυγχάνω,
1602 2674 1643 2752 ἢ
1666 2679 1839 2756 σιγᾶν
1858 2680 1919 2736 ἐν

311 2770 392 2845 τῷ
414 2764 678 2844 παρεόντι
699 2764 814 2844 χρή
833 2763 888 2835 ;”
929 2767 1117 2842 Κῦρος
1146 2765 1210 2824 δέ
1235 2790 1334 2842 μιν
1361 2765 1675 2841 θαρσέοντα
1701 2764 1918 2823 ἐκέλευε

313 2854 500 2935 λέγειν
537 2853 572 2914 ὅ
609 2879 668 2914 τι
703 2853 1000 2931 βούλοιτο·
1053 2852 1088 2913 ὁ
1137 2852 1199 2912 δὲ
1244 2850 1414 2913 αὗτόν
1460 2852 1673 2928 εἰρώτα,
1715 2851 1915 2931 λέγων·

315 2940 518 3018 εὀυτος
556 2970 590 3003 ο
632 2940 851 3006 πολλᾶς
891 2941 1090 3018 ὅμιλος
1127 2941 1191 3001 τί
1228 2943 1407 3001 ταῦτα
1452 2938 1675 3018 σπουδῇ
1715 2941 1917 3017 πολλῇ

316 3028 602 3140 ἐργαζεται
619 3028 673 3099 ;”
713 3028 747 3089 ὁ
773 3029 832 3088 δὲ
860 3028 997 3088 εἶπε·
1029 3027 1246 3090 ’(πόλιν
1268 3052 1332 3089 τε
1356 3027 1461 3105 τὴν
1486 3027 1601 3104 σήν
1628 3024 1917 3105 διαρπάζει

316 3117 410 3173 καὶ
446 3116 710 3194 χρήματα
744 3142 816 3176 τα
857 3142 938 3176 σα
977 3114 1322 3194 διαφορέει·”
1363 3118 1614 3194 Κροῖσος
1662 3114 1724 3173 δὲ
1762 3112 1917 3189 ἆμεί·

316 3202 478 3277 βετο·
529 3203 698 3263 “ofin
728 3204 898 3265 πόλιν
928 3203 1033 3281 τήν
1064 3204 1205 3281 ἐμὴν
1236 3228 1364 3264 ουτε
1394 3202 1661 3283 χρήματα
1697 3199 1767 3260 τοῖ
1810 3198 1917 3275 ἐμα

317 3286 621 3361 διαρπάζει·
673 3289 830 3348 οὐδὲν
867 3316 978 3371 γαρ
1019 3291 1215 3367 ἐμοὶ*
1185 3316 1267 3351 ετι
1302 3315 1511 3351 τουτων
1547 3290 1709 3368 μέτα·
1759 3283 1917 3345 ἄλλα
