2250 3500
332 100 427 151 276
928 99 1293 149 ἩΡοΔοωοτ
1797 96 1931 199 [11¹1

334 176 593 255 φόμενος,
621 202 694 241 ως
718 174 787 252 δη
815 175 1066 252 α’ληθέως
1092 175 1426 254 αὐτόμολος·
1457 174 1707 253 ὁρέοντες
1733 174 1852 235 δὲ’
1818 202 1932 236 απο

333 268 446 324 τῶν
478 264 702 345 πύργων
738 267 793 324 οἶ
833 263 975 324 κατὰ
1014 267 1183 324 τοῦτο
1223 263 1567 344 τεταγμένοι,
1603 263 1934 342 κατέτρεχον

338 350 498 423 κάτω,
522 352 616 410 καὶ
641 350 839 432 ὀλίγον
857 376 914 411 τι
932 352 1371 429 παρακλίναντες
1395 350 1499 426 τὴν
1519 351 1711 426 ετέρην
1729 350 1931 427 πύλην,

339 438 590 515 εἰρῶτεον
611 440 697 503 τίς
719 466 782 500 τε
809 440 893 516 εἴη
922 441 1013 499 καὶ
1040 435 1168 499 ὅτευ
1193 438 1450 515 δεόμενος
1474 436 1602 514 ἥκοι
1620 463 1637 508 ;
1677 437 1709 498 ὁ
1735 439 1800 498 δέ
1821 452 1936 515 σφι

338 526 586 608 ἠγόρευε,
615 526 688 591 ὥς
719 528 803 604 εἴη
828 554 890 595 τε
926 526 1189 604 Ζώπυρος
1219 527 1312 586 καὶ
1341 525 1681 602 αὐτομολέοι
1717 531 1775 591 ἐς
1802 528 1932 587 ἐκεί-

340 641 484 679 νους·
524 614 666 697 ἦγον
699 615 770 691 δή
799 641 898 693 μιν
935 617 989 675 οἱ
1024 614 1314 691 πυλουροὶ,
1346 616 1525 674 ταῦτα
1561 613 1633 676 ὥς
1665 613 1933 689 ἥκουσαν,

341 704 435 763 ἐπὶ
475 702 547 764 vd
597 702 755 763 κοινιὶ
798 707 910 763 τῶν
955 702 1353 777 Βαβυλωνίων·
1409 698 1696 765 καταστοῖς
1743 702 1804 761 δὲ
1851 702 1935 762 ἐπ’

341 790 498 861 αὐτοὶ,
527 791 895 862 κατοικτίζετο
928 789 1040 867 φοὶς
1070 788 1197 857 ὖπὸ,
1217 788 1460 865 Δαρείου
1491 789 1828 849 πεπονθέναι
1862 789 1936 850 τιῖ

342 874 649 938 ἐπεπόνθεε
666 877 758 937 ὕπ’
787 881 1005 948 ἑωυτοῦ·
1046 876 1273 937 παθέειν
1300 876 1362 935 δὲ
1393 879 1588 946 ταῦτα,
1617 876 1759 937 διότι
1793 902 1936 954 συμ-

338 965 657 1043 βουλεύσαι
702 969 755 1025 οἳ
800 964 1176 1026 ἀπανιστάναι
1219 964 1326 1041 τήν
1373 964 1660 1041 στρατιήν,
1711 965 1836 1024 ε’πεί
1875 992 1937 1025 τε

341 1052 518 1116 οὐδεὶς
555 1051 729 1129 πόρος
769 1054 1029 1129 ἐφαίνετο
1067 1056 1170 1129 τῖἰς
1207 1051 1471 1122 οἷλῶσιος,
1501 1062 1537 1087 “
1555 1056 1652 1112 νῦν
1686 1051 1798 1121 τε,”
1824 1054 1936 1129 ἔφη

341 1141 539 1222 λέγων,
584 1139 745 1222 “ε’γῶ
791 1140 940 1218 ὑμῖν,
986 1140 1029 1199 ὦ
1081 1138 1459 1216 Βαβυλώνιοι,
1507 1138 1622 1215 ἥκω
1664 1141 1938 1221 μέγιστον

338 1227 569 1310 ἅγαθόν,
618 1230 834 1308 Δαρείῳ
880 1230 940 1289 δὲ
987 1228 1081 1287 καὶ
1124 1233 1198 1306 τῇ
1243 1232 1484 1305 στρατιῇ
1533 1228 1624 1286 καὶ
1670 1230 1936 1308 Πέρσῃσι

336 1318 607 1399 μέγιστον
628 1316 815 1379 κακόν·
857 1316 921 1377 οὗ
945 1316 1057 1399 γοῖρ
1084 1316 1152 1393 δή
1182 1316 1283 1393 ε’μέ
1295 1341 1373 1396 γε
1399 1312 1502 1387 ὦδε
1528 1316 1938 1393 λωβησάμενος

342 1406 783 1483 καταπροΐξεται·
825 1406 1132 1481 ἐπίσταμαι
1166 1402 1212 1463 δ’
1240 1401 1410 1463 αὐτοῦ
1443 1403 1632 1467 πάσας
1661 1403 1762 1467 τσῖς
1798 1405 1936 1475 διεξ-

226 1496 361 1555 ’157
382 1494 541 1558 όὸους
579 1497 689 1555 τῶν
732 1490 1184 1569 βουλευμάτων.”
1253 1494 1496 1550 Τοιαῦτα
1543 1491 1720 1571 ἔλεγε·
1775 1496 1831 1551 οἳ
1878 1494 1937 1553 δὲ

343 1581 701 1656 Βαβυλώνιοι
727 1580 975 1657 ὁρέοντες
999 1579 1174 1656 ἄνδρα
1196 1583 1306 1639 τῶν
1327 1583 1385 1638 ε’ν
1412 1578 1680 1657 Πέρσῃσι
1705 1579 1937 1657 δοκιμω-

340 1668 519 1730 τάτων
541 1666 691 1744 ῥινός
714 1692 777 1726 τε
803 1668 896 1725 καὶ
923 1666 1073 1727 ὤτων
1099 1666 1470 1745 ἐστερημένον
1493 1666 1733 1741 μάστιξί
1755 1693 1818 1726 τε
1845 1670 1938 1727 καὶ

340 1756 535 1831 αἵματι
560 1754 1033 1832 ἀναπεφυρμένον,
1054 1753 1248 1835 πάγχυ
1276 1756 1609 1817 ἐλπίσαντες
1636 1755 1822 1836 λέγειν
1839 1782 1938 1834 μιν

342 1839 561 1917 οἷληθέα
586 1842 684 1900 καί
703 1848 817 1919 σφι
839 1840 992 1917 ἥκειν
1019 1840 1340 1922 σύμμαχον,
1365 1843 1772 1919 ἐπιτραπέσθαι
1799 1847 1937 1904 ἑτοῖ-

340 1955 441 2006 μοι
470 1928 621 2005 ἦσαν
649 1929 760 1990 τῶν
791 1929 971 1989 ἐδέετο
1008 1931 1220 2007 σφέων·
1263 1931 1442 1990 ἐδέετο
1479 1931 1541 1990 δὲ
1575 1936 1860 2008 στρατιῆς·
1902 1932 1937 1993 ὅ

344 2019 420 2089 δὲ,
449 2019 574 2078 ε’πεί
592 2044 655 2078 τε
686 2016 864 2078 αὐτῶν
886 2021 1053 2078 τοῦτο
1078 2019 1393 2094 παρέλαβε,
1422 2019 1604 2078 ε’ποίεε
1629 2020 1701 2078 τά
1730 2045 1836 2097 περ
1861 2024 1940 2099 τῷ

346 2108 563 2188 Δαρείῳ
582 2107 946 2183 συνεθήκατο.
1004 2105 1291 2187 ἕξαγαγῶν
1314 2105 1426 2186 γὰρ
1445 2111 1518 2184 τῇ
1538 2106 1737 2186 δεκάτῃ
1755 2107 1938 2186 ἡμέρῃ

342 2195 447 2272 τήν
485 2194 758 2273 στρατιὴν
793 2199 903 2256 τῶν
942 2194 1336 2271 Βαβυλωνίων,
1379 2194 1472 2252 καὶ
1513 2195 1942 2272 κυκλωσάμενος

344 2282 473 2346 τούς
500 2284 720 2362 χιλίους
743 2281 873 2344 τοῦς
896 2282 1149 2360 πρώτους
1175 2281 1486 2341 ἐνετείλατο
1516 2283 1732 2361 Δαρείῳ
1757 2283 1940 2355 τάξαι,

344 2370 571 2443 τούτους
605 2369 995 2447 κατεφόνευσε.
1060 2368 1332 2446 μαθόντες
1358 2369 1422 2426 δέ
1452 2394 1551 2445 μιν
1576 2373 1632 2428 οἱ
1664 2370 1942 2446 Βαβυλώ-

346 2463 454 2518 νιοι
477 2461 629 2517 τοῖσι
662 2457 822 2516 ἔπεσι
849 2455 921 2516 τοὶ
954 2457 1089 2538 ἔργα
1122 2455 1511 2536 παρεχόμενον
1537 2455 1721 2533 ὁμοῖα,
1747 2456 1944 2538 πάγχυ

344 2545 667 2623 περιχαρέες
702 2543 899 2614 ἐόντες,
926 2547 1039 2603 πᾶν
1069 2543 1136 2620 δὴ
1171 2547 1382 2620 ἑτοῖμοι
1416 2543 1566 2618 ἦσαν
1599 2543 1943 2620 ὑπηρετέειν·

343 2633 377 2693 ὁ
404 2632 464 2692 δὲ
489 2631 759 2692 διαλιπὼν
782 2631 992 2708 ἡμέρας
1016 2630 1116 2694 τοὶς
1143 2631 1521 2711 συγκειμένας,
1546 2630 1698 2695 αὖτις
1726 2631 1946 2702 ἐπιλεξ-

345 2721 545 2798 άμενος
584 2725 695 2781 τῶν
736 2719 1111 2795 Βαβυλωνίων
1153 2718 1392 2799 ἐξήγαγε
1433 2719 1524 2777 καὶ
1565 2719 1946 2795 κατεφόνευσε

344 2813 476 2868 τῶν
495 2809 734 2885 Δαρείου
774 2807 1154 2884 στρατιωτέων
1192 2805 1323 2868 τούς
1363 2805 1694 2884 δισχιλίους·
1738 2806 1948 2872 ἰδόντες

344 2895 405 2952 δὲ
424 2896 515 2952 καὶ
532 2897 698 2953 τοῦτο
716 2892 782 2954 τὸ
806 2896 966 2973 ἔργον
983 2897 1036 2951 οἳ
1062 2891 1436 2968 Βαβυλώνιοι,
1454 2892 1655 2956 πάντες
1677 2893 1946 2972 Ζώπυρον

345 2980 496 3058 εἶχον
523 2985 582 3040 ἐν
608 2980 859 3057 στόμασι
886 2980 1194 3042 αἰνέοντες·“
1215 2979 1248 3039 ὁ
1284 2980 1344 3038 δὲ
1370 2979 1522 3044 αὖτις
1549 2981 1820 3042 διαλιπών
1843 2981 1946 3046 τσῖς

346 3067 709 3144 συγκειμένας
752 3066 978 3142 ἡμέρας,
1022 3065 1263 3146 ἐξήγαγε
1310 3072 1365 3130 ἐς
1409 3067 1475 3127 τό
1523 3069 1945 3145 προειρημένον·

347 3153 437 3207 καὶ
455 3152 877 3228 κυκλωσάμενος
898 3152 1273 3226 κατεφόνευσε
1291 3153 1421 3216 τούς
1438 3157 1944 3234 τετρακισχιλίους·

348 3234 417 3294 ὥς
448 3236 507 3290 δὲ
545 3238 636 3293 καὶ
669 3241 835 3296 τοῦτο
869 3239 1232 3318 κατέργαστο,
1261 3239 1447 3300 πάντα
1483 3241 1550 3318 δή
1587 3241 1658 3318 ἦν
1691 3247 1750 3302 ἐν
1781 3247 1939 3305 τοῖσι
