2250 3500
326 136 425 185 212
936 128 1300 179 ἩΡοΔοΤοί·
1793 129 1925 194 [111.

324 215 520 273 αὐτίκα
546 212 579 272 ὅ
606 211 931 289 Καμβύσης
956 211 1134 291 ὀργήν
1159 209 1539 286 ποιησάμενος
1565 210 1932 287 ἐστρατεύετο

325 304 417 361 ἐπὶ
442 301 570 363 τούς
600 301 887 369 Αἰθίοπας,
916 298 1042 359 οὔτε
1080 298 1443 375 παρασκευήν
1469 299 1632 357 σίτου
1673 297 1933 375 οὐδεμίαν

324 390 707 469 παραγγείλας
761 387 886 447 οὔτε
946 388 1119 468 λόγον
1186 390 1362 465 ἑωυτῷ
1430 384 1559 449 δούς
1609 386 1701 446 ὅτι
1755 392 1810 449 ἐς
1860 390 1932 449 τοὶ

326 478 541 556 ἔσχατα
565 480 667 551 τῆς
690 481 797 557 γῆς
824 480 1026 554 ἔμελλε
1054 474 1480 553 στρατεύεσθαι·
1535 475 1629 533 οἷα
1667 475 1728 533 δὲ
1759 481 1930 552 ἐμμα-

326 566 422 641 νής
462 591 527 624 τε
567 563 669 624 ἐῶν
708 565 799 622 καὶ
835 562 900 623 ού
939 564 1235 640 φρενήρης,
1273 562 1344 624 ὥς
1371 561 1540 637 ἤκουε
1575 565 1688 621 τῶν
1720 562 1932 641 Ἰχθυο-

328 652 541 734 φάγων,
587 652 953 729 ἐστρατεύετο
992 650 1284 726 Ἑλλήνων
1318 652 1421 726 μὲν
1461 649 1592 713 τούς
1628 650 1933 727 παρεόντας

326 741 500 801 αὐτοῦ
536 740 711 819 ταύτῃ
746 740 917 808 τάξας
951 738 1262 815 ύπομένειν,
1300 736 1402 797 τᾶν
1445 737 1505 795 δὲ
1545 738 1716 808 πεζόν
1749 738 1932 799 πάντα

326 829 443 905 ἅμα
474 828 765 908 ἀγόμενος·
812 828 936 885 ἐπεί
960 852 1023 886 τε
1056 826 1116 885 δὲ
1154 824 1593 901 στρατευόμενος
1625 826 1842 906 ἐγένετο
1873 832 1933 887 ἐν

328 917 578 994 Θήβῃσι,
616 914 875 990 ἀπέκρινε
910 918 1011 973 τοῦ
1046 917 1295 990 στρατοῦ
1334 912 1406 976 ὥς
1439 914 1606 972 πέντε
1642 914 1930 991 μυριάδας·

331 1005 423 1061 καὶ
446 1003 697 1062 τούτοισι
733 1004 838 1079 μὲν
866 1003 1186 1061 ἐνετέλλετο
1211 1000 1559 1078 Ἀμμωνίους
1599 1002 1932 1078 ἐξανδραπο-

329 1090 657 1167 δισαμένους
689 1089 754 1149 τό
801 1088 1148 1168 χρηστήριον
1189 1089 1258 1149 τό
1301 1115 1403 1148 του
1447 1088 1584 1151 Διός
1626 1094 1930 1201 ἐμπρῆσαι,

330 1177 495 1240 αὖτός
540 1177 601 1236 δὲ
650 1176 750 1237 τᾶν
797 1176 1002 1237 λοιπόν
1044 1174 1195 1256 ἄγων
1243 1175 1490 1253 στρατόν
1530 1175 1619 1251 ἤϊε
1664 1177 1758 1235 ἐπὶ
1803 1204 1934 1241 τους

332 1268 622 1329 Αἰθίοπας·
662 1266 796 1342 πρὶν
832 1266 891 1325 δὲ
925 1270 1028 1341 τῆς
1070 1265 1203 1325 ὁδοῦ
1241 1264 1310 1324 τό
1353 1266 1611 1341 πέμπτον
1645 1266 1813 1341 μέρος
1855 1266 1932 1325 ὃι-

330 1356 661 1430 εληλυθέναι
699 1353 803 1431 τὴν
839 1354 1122 1433 στρατιὴν,
1167 1352 1363 1412 αὐτίκα
1397 1353 1579 1413 πάντα
1625 1352 1825 1416 αὐτούς
1861 1352 1932 1413 τά

329 1443 482 1554 εἶχον
508 1445 700 1503 σιτίων
727 1443 967 1521 ἐχόμενα
993 1442 1370 1501 ἐπελελοίπεε·
1405 1439 1549 1517 μετά
1577 1440 1635 1499 δὲ
1660 1439 1732 1500 τά
1759 1443 1930 1512 σιτία,

332 1532 425 1589 καὶ
447 1531 519 1591 vd
550 1528 823 1611 ύποζύγια
856 1531 1086 1589 ἐπέλιπε
1122 1527 1542 1604 κατεσθιόμενα·
1618 1533 1667 1587 εἰ
1697 1530 1804 1605 μέν
1838 1556 1933 1590 νυν

328 1618 521 1694 μαθῶν
552 1622 729 1677 ταῦτα
766 1616 799 1676 ὅ
838 1616 1163 1692 Καμβύσης
1199 1614 1592 1696 ἐγνωσιμάχεε,
1623 1617 1716 1675 καὶ
1749 1616 1934 1698 ἀπῆγε

328 1704 511 1763 ὀπίσω
535 1704 635 1765 τόν
662 1705 923 1781 στρατὸν,
954 1705 1045 1762 ἐπὶ
1078 1707 1152 1782 τῇ
1189 1703 1436 1782 ἀρχῆθεν
1459 1706 1732 1786 γενομένῃ
1757 1704 1934 1783 ἅμαρ-

328 1791 514 1850 τάδι’
478 1817 549 1866 ην
573 1791 715 1868 ἀνηρ
740 1791 943 1867 σοφός·
976 1795 1073 1850 νῦν
1099 1792 1160 1850 δὲ
1188 1791 1384 1853 ούδένα
1409 1791 1586 1873 λόγον
1611 1791 1935 1869 ποιεύμενος

329 1878 418 1954 ἤϊε
444 1880 549 1938 αἰεὶ
582 1885 637 1942 ἐς
672 1880 738 1940 rc?
772 1878 1085 1958 πρόσω·οἱ
1122 1879 1182 1938 δὲ
1223 1885 1575 1957 στρατιῶται,
1608 1882 1706 1944 ἕως
1742 1882 1845 1956 μέν
1876 1907 1932 1941 τι

331 1968 484 2046 εἶχον
509 1974 567 2027 ἐκ
594 1972 695 2043 τῆς
730 1972 836 2050 γῆς
872 1966 1187 2043 λαμβάνειν
1219 1969 1661 2047 ποιηφαγέοντες
1695 1968 1932 2039 διέζωον·

332 2058 451 2115 ἐπεὶ
480 2057 539 2116 δὲ
566 2062 621 2120 ἐς
649 2056 754 2132 τὴν
780 2055 1012 2135 ψάμμον
1050 2054 1333 2124 ἀπίκοντο,
1363 2055 1540 2115 δεινὸν
1569 2057 1731 2136 ἔργον
1757 2056 1934 2116 αὐτῶν

328 2148 470 2209 τινὲς
496 2145 828 2226 ἐργάσαντο·
884 2149 945 2203 ἐκ
986 2143 1212 2206 δεκάδος
1237 2142 1347 2223 γάρ
1386 2143 1480 2202 ἕνα
1521 2145 1718 2219 σφέων
1755 2143 1935 2204 αύτῶν

330 2232 832 2310 ἀποκληρώσαντες
883 2234 1214 2312 κατέφαγον.
1301 2230 1613 2307 πυθόμενος
1655 2231 1715 2290 δὲ
1759 2236 1933 2291 ταῦτα

329 2319 362 2378 ἆ
397 2321 735 2396 Καμβύσης,
774 2320 964 2382 δείσας
1004 2319 1108 2395 τὴν
1143 2319 1600 2399 ἀλληλοφαγίην,
1639 2318 1799 2382 ἀπεὶς
1835 2319 1935 2380 τόν

332 2405 416 2463 ἐπ’
444 2408 717 2470 Αἰθίοπας
758 2407 970 2466 στόλον
1002 2406 1184 2466 ὀπίσω
1217 2405 1530 2484 ἐπορεύετο·
1587 2407 1679 2465 καὶ
1716 2407 1934 2467 ἀπικνέ-

331 2518 447 2552 εται
485 2498 540 2555 ἐς
575 2493 776 2568 Θήβας
806 2493 1058 2557 πολλούς
1092 2494 1383 2557 ἀπολέσας
1413 2497 1515 2554 τοῦ
1553 2498 1818 2570 στρατοῦ·
1874 2501 1934 2553 ἐκ

332 2582 567 2656 Θηβέων
620 2580 679 2640 δὲ
740 2581 995 2658 καταβάς
1048 2588 1102 2645 ἐς
1162 2583 1417 2658 Μέμφιν,
1471 2582 1601 2645 τούς
1647 2581 1936 2658 Ἕλληνας

331 2669 512 2745 οἷπῆκε
537 2669 854 2730 ἀποπλέειν.
941 2670 975 2730 ὅ
999 2673 1103 2747 μὲν
1130 2670 1214 2729 ἐπ’
1250 2671 1522 2733 Αἰθίοπας
1558 2669 1769 2732 στόλος
1797 2669 1936 2729 οὕτω

235 2762 311 2816 26
333 2760 553 2835 ἔπρηξε.
639 2761 712 2817 Οἱ
738 2758 785 2817 δ’
812 2758 992 2819 αὐτῶν
1019 2758 1103 2818 ἐπ’
1139 2759 1486 2836 Ἀμμωνίους
1521 2758 1936 2820 ἀποσταλέντες

334 2847 754 2922 στρατεύεσθαι,
804 2849 929 2906 ἐπεί
962 2874 1027 2907 τε
1068 2847 1402 2924 ὁρμηθέντες
1445 2852 1506 2905 ἐκ
1547 2850 1658 2906 τῶν
1701 2847 1936 2922 Θηβέων

334 2934 662 3008 ἐπορεύοντο
686 2937 904 3012 ἔχοντες
930 2934 1198 3015 ἀγωγούς,
1221 2934 1548 3010 ἀπικόμενοι
1573 2936 1678 3011 μὲν
1705 2932 1941 3009 φανεροί

334 3023 446 3078 εἰσι
492 3026 548 3084 ἐς
587 3020 803 3081 Ὄασιν
846 3022 1032 3091 πόλιν,
1072 3022 1178 3096 τήν
1219 3024 1412 3101 ἔχουσι
1449 3025 1556 3099 μὲν
1597 3022 1801 3099 Σάμιοι
1837 3025 1938 3096 τῆς

334 3109 706 3185 Αισχριωνίης
760 3113 947 3184 φυλῆς
993 3109 1287 3188 λεγόμενοι
1337 3111 1494 3170 εἶναι·
1553 3109 1833 3188 ἀπέχουσι
1879 3110 1938 3168 δὲ

334 3193 474 3250 {vt-rot
509 3193 755 3271 ἡμερέων
786 3195 983 3255 ὄδόν’
948 3195 1059 3255 από
1092 3199 1328 3272 Θηβέων
1359 3197 1450 3257 διδ.
1481 3197 1737 3275 ψάμμου·
1785 3196 1937 3258 ούνο-

338 3274 569 3346 μᾶζεται
604 3281 728 3337 δὲε
695 3307 727 3339 ο
754 3307 936 3358 χωρος
971 3309 1136 3345 ουτος
1172 3310 1312 3343 κατα
1339 3284 1632 3358 Ἑλλήνων
1659 3289 1942 3366 γλῶσσαν
