2250 3500
324 95 405 155 44,
431 95 517 158 45]
928 95 1386 150 anommm.
1835 100 1930 152 297

320 173 586 236 πλοίοισι
634 172 849 238 ἅλλους
896 200 959 234 τε
1010 179 1166 235 τοῖσι
1209 177 1463 238 ἐπίστευε
1509 177 1614 254 τήν
1655 177 1932 254 άληθηΐην

324 262 513 338 ἐρέειν,
542 261 634 320 καὶ
668 261 736 337 δή
776 263 868 321 καὶ
895 261 1162 326 Σκύλακα
1197 261 1368 342 ἄνδρα
1405 265 1751 344 Καρυανδέα·
1793 269 1848 326 οῖ
1873 267 1934 327 δὲ

324 348 659 426 ὁρμηθέντες
695 355 751 413 ἐς
784 350 1172 428 Κασπατύρου
1208 377 1270 411 τε
1307 351 1508 417 πόλιος
1535 355 1626 412 καὶ
1651 358 1751 430 τῆς
1777 360 1931 414 Πακ-

322 440 515 512 τυϊκῆς
551 442 673 517 γῆς,
719 439 920 498 ἔπλεον
961 438 1103 498 κατὰ
1143 439 1399 517 ποταμόν
1439 440 1582 518 πρός
1619 441 1702 516 ἦῶ
1739 467 1802 502 τε
1838 442 1930 501 καὶ

320 523 491 600 η’λίου
517 524 795 590 οἷνατολσῖς
821 531 877 590 ἐς
903 527 1228 589 θάλασσαν·
1261 526 1354 586 δισῖ
1382 527 1684 604 θαλάσσης
1709 529 1768 588 δὲ
1787 529 1928 608 πρὸς

324 613 571 690 ἑσπέρην
612 614 895 685 πλέοντες,
935 619 1251 694 τριηκοστῷ
1297 615 1432 692 μηνὶ
1478 614 1830 676 ἀπικνέονται
1871 622 1930 688 ἐς,

322 705 523 760 τοῦτον
549 699 650 761 τόν
678 705 864 780 χῶρον
896 701 1025 763 ὅθεν
1058 703 1093 764 ὅ
1134 703 1450 784 Αἰγυπτίων
1486 702 1767 778 βασιλεῦς
1801 704 1934 780 τούς

324 789 597 860 Φοίνικας,
622 790 753 854 τούς
786 789 1061 868 πρότερον
1087 791 1235 861 εἶπα,
1264 790 1566 852 ἀπέστειλε
1593 791 1930 869 περιπλώειν

321 876 565 953 Λιβύην·
604 877 751 954 μετοὶ
776 878 837 937 δὲ
862 878 1091 943 τούτους
1123 879 1604 958 περιπλώσαντας,
1631 878 1839 944 Ἰνδούς
1864 905 1926 939 τε

324 967 743 1044 κατεστρέψατο
780 970 1019 1044 Δαρεῖος
1045 968 1140 1027 καὶ
1163 972 1237 1046 τῇ
1263 966 1534 1047 θαλάσσῃ
1559 967 1735 1046 ταύτῃ
1765 971 1928 1048 ἐχρᾶ-

320 1077 411 1112 το·
454 1052 597 1114 οὕτω
631 1054 723 1113 καὶ
752 1081 855 1130 της
884 1053 1101 1164 Ἀσίης,
1143 1055 1296 1135 πλήν
1330 1055 1406 1116 τοὶ
1441 1056 1583 1133 πρὸς
1607 1055 1804 1133 η’έλιον
1829 1056 1922 1118 α’ν-

322 1141 581 1220 ίσχοντα,
620 1141 690 1202 τοὶ
732 1141 889 1202 ἄλλα
926 1143 1222 1220 ἀνεύρηται
1261 1143 1430 1222 ὁμοῖα
1461 1145 1818 1224 παρεχομένη
1851 1147 1924 1224 τῇ

318 1229 533 1308 Λιβυῃ.
588 1229 677 1290 ‘H
720 1231 781 1290 δε
820 1229 890 1307 δη
931 1231 1176 1310 Εὐρώπη
1217 1257 1360 1309 προς
1405 1232 1658 1309 οὐδαμῶν
1703 1232 1919 1310 φανερή
1937 1233 2016 1294 45

320 1321 447 1378 ἐστι
470 1319 869 1398 γινωσκομένη,
888 1317 1017 1378 οὔτε
1040 1319 1113 1379 τσῖ
1137 1319 1280 1396 πρός
1304 1319 1498 1396 ἠέλιον
1526 1319 1924 1391 ἀνατέλλοντα,

320 1404 447 1465 οὔτε
470 1404 543 1466 τοὶ
568 1405 709 1484 πρός
731 1408 919 1484 βορῆν
946 1409 993 1465 εἰ
1018 1405 1344 1484 περίρρυτός
1371 1411 1513 1466 ἐστι·
1554 1405 1722 1482 μήκεϊ
1746 1407 1806 1464 δὲ
1838 1433 1924 1486 γι-

318 1492 591 1554 νώσκεται
613 1493 744 1572 παρ’
761 1493 1086 1571 ἀμφοτέρας
1104 1493 1457 1570 παρήκουσα.
1518 1491 1630 1552 οὐδ’
1658 1494 1764 1571 ἔχω
1785 1519 1924 1569 συμ-

316 1582 611 1656 βαλέσθαι
642 1579 724 1641 ἐπ’
751 1580 877 1641 ὅτευ
900 1586 1005 1660 μιῇ
1040 1581 1212 1661 ἐούσῃ
1237 1585 1314 1662 γῇ
1343 1579 1624 1658 οὐνόματα
1647 1580 1925 1658 τριφάσια

317 1670 503 1730 κέεται
549 1670 856 1747 ἐπωνυμίας
904 1671 1101 1750 ἔχοντα
1141 1673 1430 1752 γυναικῶν,
1473 1670 1566 1729 καὶ
1609 1669 1926 1747 οὐρίσματα

316 1757 459 1838 αὐτῇ
478 1759 688 1823 Νεῖλός
705 1784 767 1819 τε
794 1758 825 1818 ὁ
851 1759 1155 1839 Αἰγύπτιος
1173 1759 1425 1837 ποταμός
1443 1760 1618 1835 ἐτέθη,
1638 1760 1730 1819 καὶ
1745 1758 1926 1823 Φάσις

318 1844 351 1906 ὁ
388 1846 637 1925 Κόλχος·
678 1847 757 1927 (οἱ
794 1847 853 1906 δὲ
887 1846 1093 1908 Τάναϊν
1127 1848 1384 1924 ποταμὸν
1414 1848 1514 1907 τᾶν
1539 1847 1803 1924 Μαιήτην
1829 1849 1922 1908 καὶ

317 1935 624 2011 Πορθμήΐα
662 1936 735 1995 τὰ
777 1935 1063 2013 Κιμμέρια
1094 1936 1375 2016 λέγουσι·)
1415 1934 1541 1993 οὐδὲ
1577 1940 1688 1995 τῶν
1724 1936 1922 2012 διουρι-
2005 1976 2011 1987 ·

316 2021 535 2083 σάντων
568 2022 639 2083 τὰ
680 2022 961 2098 οὐνόματα
993 2023 1292 2091 πυθέσθαι,
1327 2023 1415 2080 καὶ
1444 2021 1572 2081 ὅθεν
1603 2023 1791 2081 ἔθεντο
1819 2023 1922 2086 τσῖς

316 2111 643 2188 ἐπωνυμίας·
682 2110 720 2187 ἦ
749 2110 816 2186 δή
841 2110 955 2191 γὰρ
979 2108 1173 2185 Λιβύη
1199 2110 1303 2185 μὲν
1329 2108 1420 2167 ἐπὶ
1451 2108 1672 2183 Λιβύης
1697 2109 1922 2188 λέγεται

314 2196 425 2258 ὕπὸ
450 2202 562 2259 τῶν
587 2201 819 2258 πολλῶν
844 2196 1138 2272 Ἑλλήνων
1158 2198 1302 2276 ἔχειν
1326 2194 1392 2255 τὸ
1425 2193 1636 2272 οὕνομα
1659 2194 1919 2276 γυναικός

316 2284 673 2365 αὐτόχθονος·
712 2285 752 2362 ἦ
778 2286 838 2346 δὲ
868 2285 1037 2355 Ἀσίη
1066 2285 1158 2343 ἐπὶ
1181 2289 1284 2360 τῆς
1309 2284 1643 2362 Προμηθέος
1667 2284 1924 2365 γυναικός

314 2372 420 2450 τήν
445 2374 774 2451 ἐπωνυμίην·
790 2373 899 2432 καὶ
925 2372 1125 2433 τούτου
1139 2375 1246 2450 μὲν
1262 2371 1796 2450 μεταλαμβάνονται
1820 2376 1921 2432 τοῦ

318 2461 628 2537 οὐνόματος
658 2462 851 2532 Λυδοὶ,
880 2461 1123 2539 φάμενοι
1157 2461 1249 2520 ἐπὶ
1283 2460 1503 2533 Ἀσίεω,
1543 2466 1646 2522 τοῦ
1687 2460 1922 2532 Κότυος,

314 2553 417 2609 τοῦ
455 2548 678 2621 Μάνεω,
707 2550 1020 2625 κεκλῆσθαι
1043 2547 1148 2624 τήν
1171 2548 1388 2627 Ἀσίην,
1417 2548 1550 2608 ἀλλ’
1577 2550 1676 2609 οὐκ
1705 2550 1797 2609 ἐπὶ
1822 2553 1923 2626 τῆς

316 2638 653 2715 Προμηθέος
674 2637 893 2713 Ἀσίης·
937 2635 1032 2697 ἄπ’
1056 2636 1186 2697 ὅτευ
1212 2638 1304 2697 καὶ
1328 2637 1432 2713 τήν
1459 2642 1518 2696 ἐν
1545 2637 1782 2713 Σάρδισι
1815 2644 1920 2712 φυ-

313 2724 426 2801 λὴν
468 2726 782 2801 κεκλῆσθαι
818 2723 1077 2785 Ἀσιάδα.
1148 2724 1185 2801 ἦ
1227 2725 1286 2783 δὲ
1320 2722 1388 2800 δή
1425 2721 1666 2799 Εὐρώπη
1703 2722 1830 2782 οὔτε
1872 2727 1921 2782 εἰ

314 2808 641 2891 περίρρυτός
666 2818 791 2873 ἐστι
816 2812 1148 2893 γινώσκεται
1165 2812 1307 2888 πρὸς
1333 2809 1588 2886 οὐδαμῶν
1603 2809 1918 2886 ἀνθρώπων,

312 2899 443 2960 οὔτε
475 2900 675 2961 ὁκόθεν
706 2899 776 2960 τό
814 2898 1024 2977 οὕνομα
1066 2899 1245 2974 ἔλαβε
1282 2900 1468 2967 τοῦτο,
1508 2896 1635 2956 οὔτε
1665 2895 1824 2960 ὅστις
1864 2899 1919 2957 οἱ

310 2986 385 3063 ἦν
411 2988 444 3049 ὅ
473 2989 701 3065 θέμενος
728 2988 1005 3064 φαίνεται·
1047 2991 1097 3045 εἷ
1131 2985 1212 3063 μή
1244 2983 1358 3044 <ivd
1383 2988 1486 3060 τῆς
1509 2985 1710 3061 Τυρίης
1737 2982 1920 3061 φήσο·

310 3100 418 3152 μεν
440 3076 713 3154 Εὐρώπης
737 3077 945 3152 λαβεῖν
968 3074 1035 3135 τό
1062 3072 1274 3151 οὕνομα
1296 3071 1400 3147 τήν
1425 3071 1628 3153 χώρην,
1649 3071 1921 3149 πρότερον

312 3163 375 3222 δὲ
414 3163 484 3239 ἦν
518 3164 629 3242 ἄρα
661 3162 957 3239 ἀνώνυμος,
986 3162 1175 3239 ὥσπερ
1203 3164 1261 3220 αἱ
1289 3161 1485 3238 ἕτεραι·
1527 3158 1658 3219 ἀλλ’
1687 3158 1826 3235 αὕτη
1852 3184 1919 3239 γε

312 3254 378 3311 ἐκ
413 3256 515 3327 τῆς
542 3252 744 3329 Ἂσίης
766 3276 829 3313 τε
856 3251 1115 3328 φαίνεται
1143 3255 1332 3320 ἐοῦσα,
1361 3249 1454 3309 καὶ
1481 3248 1582 3309 οὐκ
1609 3248 1918 3325 ἀπικομένη

461 3332 523 3377 24
