2250 3500
355 118 421 170 70
969 113 1339 164 ·111²0A0T0‘r
1884 114 1957 180 [Ι.

355 195 568 274 μηδένα
609 191 879 268 φονεύειν,
905 192 1050 270 μήτε
1080 196 1193 253 τῶν
1226 191 1419 252 ἄλλων
1450 193 1720 270 Περσέων
1752 192 1967 269 μηδένα

357 287 468 342 τῶν
493 283 694 340 ἑωυτοῦ
733 281 983 339 οἰκετέων
1009 281 1100 340 ἐπὶ
1130 284 1235 358 μιῇ
1270 282 1418 357 αἰτίῃ
1450 279 1759 355 ἀνήκεστον
1784 279 1968 344 πάθος

361 369 554 446 ἔρδειν·
609 366 764 425 ἇλλοὶ
800 368 1177 446 λογισάμενος
1216 366 1285 444 ἢν
1324 367 1553 448 εὑρίσκῃ
1587 367 1743 426 πλέω
1774 393 1839 427 τε
1872 370 1967 428 καὶ

356 459 502 534 μέζω
537 456 611 516 τὰ
648 455 962 534 ἀδικήματα
1002 456 1165 517 ἐόντα
1198 459 1308 516 τῶν
1332 454 1793 536 ὑπουργημάτων,
1824 455 1968 516 οὕτω

357 551 434 624 τῷ
470 545 623 623 θυμῷ
653 548 876 622 χρᾶται.
941 543 1267 605 οἷποκτεῖναι
1302 544 1362 604 δὲ
1402 543 1599 604 οὐδένα
1624 569 1700 603 κω
1726 544 1968 624 λέγουσι

357 633 457 694 τόν
498 637 697 692 ἑωυτοῦ
737 632 954 708 πατέρα
993 631 1119 692 οὐδὲ
1164 633 1396 710 μητέρα·
1449 631 1605 692 οἶλλοὶ
1641 630 1825 692 ὁκόσα
1855 632 1967 710 ἤδη

356 726 587 781 τοιαῦτα
625 720 858 802 ἐγένετο,
885 722 1078 779 πᾶσαν
1105 719 1351 802 ἀνάγκην
1378 720 1529 796 φασὶ
1554 717 1968 797 ἀναζητεόμενα

355 815 532 871 ταῦτα
572 808 930 886 ἀνευρεθῆναι
968 806 1096 883 ἤτοι
1135 807 1549 884 ὑποβολιμαῖα·
1570 807 1735 869 ἐόντα
1771 806 1809 884 ἢ
1840 835 1965 884 μοι-

357 899 528 976 χίδια·
572 896 636 956 οὐ
673 897 784 977 γσῖρ
825 895 893 972 δὴ
933 897 1082 972 φασὶ
1115 896 1264 960 οἲκὸς
1306 896 1445 955 εἶναι
1478 895 1578 956 τόν
1606 921 1675 978 ’γε
1712 895 1966 973 ἀληθέως

266 988 380 1045 138
397 983 696 1045 τοκέαῦπό
721 988 821 1044 τοῦ
849 988 1049 1044 ἑωυτοῦ
1085 983 1283 1048 παιδός
1310 982 1704 1060 ἀποθνήσκειν.
1758 983 1965 1068 ΪΑσσα

359 1073 422 1131 δέ
452 1080 566 1150 σφι
598 1071 807 1132 ποιέειν
834 1071 933 1132 οὐκ
961 1073 1161 1144 ἔξεστι,
1190 1077 1367 1133 ταῦτα
1393 1071 1518 1132 οὐδὲ
1543 1072 1731 1154 λέγειν
1758 1073 1961 1143 ἔξεστι.

359 1161 663 1240 αἴσχιστον
689 1159 748 1218 δὲ
780 1159 1002 1220 αὐτοῖσι
1026 1161 1092 1221 τό
1120 1161 1428 1240 ψεύδεσθαι
1461 1159 1803 1237 νενόμισται·
1846 1161 1964 1222 δεύ-

356 1274 490 1325 τερα
520 1248 580 1307 δὲ
617 1247 684 1307 τὰ
726 1247 979 1324 ὀφείλειν
1018 1250 1203 1327 χρέος,
1236 1251 1469 1308 πολλῶν
1493 1250 1599 1325 μὲν
1636 1249 1729 1307 καὶ
1766 1247 1961 1310 ἄλλων

358 1337 554 1408 εἵνεκα,
581 1335 836 1414 μάλιστα
877 1337 936 1396 δὲ
977 1337 1282 1419 ἀναγκαίην
1324 1337 1474 1412 φασὶ
1505 1335 1643 1395 εἶναι
1672 1336 1773 1396 τᾶν
1806 1337 1963 1413 ὀφεί-

356 1429 532 1485 λοντα
572 1427 669 1485 καί
702 1451 759 1486 τι
798 1427 998 1504 ψεῦδος
1039 1425 1244 1508 λέγειν.
1326 1423 1389 1487 ὃς
1427 1421 1496 1485 ἂν
1536 1424 1595 1483 δὲ
1632 1428 1743 1485 τῶν
1775 1424 1963 1486 οἰστῶν

356 1515 570 1592 λέπρην
603 1513 642 1590 ἢ
674 1513 878 1590 λεύκην
905 1516 1020 1594 ἔχῃ,
1049 1520 1104 1577 ἐς
1128 1514 1299 1575 πόλιν
1333 1510 1493 1576 οὗτος
1519 1513 1585 1572 οὔ
1614 1515 1958 1594 κατέρχεται,

358 1601 483 1660 οὐδὲ
524 1603 906 1682 συμμίσγεται
939 1607 1094 1663 τοῖσι
1119 1600 1356 1662 ἄλλοισι
1381 1600 1668 1680 Πέρσῃσι·
1713 1603 1863 1678 φασὶ
1902 1603 1966 1662 δέ

357 1714 456 1766 μιν
482 1693 536 1751 ἐς
560 1688 658 1747 τόν
684 1688 848 1765 ἥλιον
868 1689 1189 1767 ἁμαρτόντα
1212 1716 1268 1750 τι
1293 1693 1471 1751 ταῦτα
1500 1690 1663 1769 ἔχειν·
1706 1691 1887 1761 ξεῖνον
1902 1690 1963 1751 δὲ

355 1776 538 1835 πάντα
581 1774 683 1836 τόν
728 1777 1166 1854 λαμβανόμενον
1206 1777 1317 1839 ὖπό
1362 1778 1572 1839 τούτων
1613 1780 1826 1838 πολλοὶ
1868 1772 1963 1840 καὶ

358 1862 663 1923 ἐλαύνουσι·
693 1868 752 1923 ἐκ
783 1869 884 1940 τῆς
908 1865 1108 1945 χώρης,
1138 1868 1231 1925 καὶ
1255 1866 1356 1928 τοὶς
1381 1866 1583 1930 λευκοῖς
1607 1867 1959 1946 περιστεραῖς,

355 1950 460 2028 τὴν
497 1951 670 2027 αὐτὴν
706 1954 886 2030 αἰτίην
921 1956 1294 2033 ἐπιφέροντες.
1364 1959 1419 2017 ἐς
1457 1954 1713 2032 ποταμὸν
1744 1954 1804 2013 δὲ
1833 1954 1961 2015 οὔτε

356 2041 674 2118 ἐνουρέουσι
705 2039 830 2101 οὔτε
862 2042 1189 2121 ἐμπτύουσι,
1218 2042 1282 2102 οὗ
1307 2047 1499 2121 χεῖρας
1531 2043 1959 2115 ἐναπονίζονται,

355 2129 482 2189 οὐδὲ
508 2128 691 2190 ἄλλον
716 2130 912 2192 οὐδένα
935 2132 1283 2210 περιορέωσι,
1312 2129 1468 2189 ἀλλὰ
1493 2131 1765 2207 σέβονται
1791 2156 1961 2211 ποτα-

263 2220 374 2277 139
396 2218 536 2295 μοῧς
581 2218 856 2296 μάλιστα.
940 2221 1058 2279 Καὶ
1095 2220 1224 2280 τόδε
1263 2219 1413 2277 ἄλλο
1455 2224 1568 2294 σφι
1609 2216 1712 2277 ὦδε
1747 2219 1961 2295 συμπέ-

356 2331 540 2365 πτωκε
563 2307 838 2386 γίνεσθαι,
865 2306 932 2367 τό
961 2308 1194 2385 Πέρσας
1217 2309 1320 2384 μὲν
1337 2306 1535 2369 αὐτοῦς
1562 2307 1773 2383 λέληθε
1786 2306 1962 2384 ἡμέας

353 2393 548 2469 μέντοι
584 2392 669 2450 οὔ·
711 2393 783 2453 τὰ
821 2394 1104 2471 οὐνόματά
1130 2403 1261 2473 σφι,
1291 2394 1451 2455 ἐόντα
1478 2394 1647 2471 ὁμοῖα
1670 2398 1825 2455 τοῖσι
1850 2396 1960 2455 σώ-

353 2503 502 2555 μασι
545 2480 638 2538 καὶ
677 2484 750 2558 τῇ
799 2485 1272 2563 μεγαλοπρεπείῃ,
1316 2486 1622 2543 τελευτῶσι
1674 2482 1859 2543 πάντα
1905 2489 1961 2547 ἐς

353 2565 531 2627 τῶυτὸ
570 2567 822 2649 γράμμα,
848 2570 915 2630 τὸ
942 2572 1181 2648 Δωριέες
1213 2573 1318 2649 μὲν
1345 2570 1463 2635 Σᾶν
1490 2570 1759 2630 καλέουσι
1773 2570 1961 2635 Ἴωνες

353 2654 415 2714 δὲ
455 2657 660 2738 Σίγμα·
711 2661 766 2721 ἐς
800 2662 966 2719 τοῦτο
1008 2660 1296 2739 διζήμενος
1334 2658 1587 2736 εὑρήσεις
1616 2663 1961 2720 τελευτῶντα

353 2747 465 2805 τῶν
492 2744 761 2821 Περσέων
785 2746 860 2806 τοὶ
887 2744 1185 2825 οὐνόματα,
1204 2746 1268 2807 οὗ
1293 2745 1366 2809 τοὶ
1390 2750 1495 2825 μὲν
1518 2746 1592 2807 τοὶ
1618 2746 1678 2806 δὲ
1704 2746 1786 2819 οὒ,
1804 2746 1961 2807 ἀλλὰ

356 2832 539 2892 πάντα
565 2828 786 2910 ὁμοίως.

264 2920 376 2979 140
473 2923 662 2981 Ταῦτα
685 2924 790 2999 μὲν
815 2921 1082 2999 οἷτρεκέως
1106 2924 1215 3001 ἔχω
1239 2922 1369 2999 περὶ
1393 2921 1574 2982 αὖτῶν
1596 2922 1747 2986 εἰδὼς
1768 2924 1959 2983 εἰπεῖν·

350 3006 484 3066 τάδε
501 3008 693 3083 μέντοι
719 3009 792 3072 ὥς
819 3009 1171 3086 κρυπτόμενα
1190 3009 1433 3088 λέγεται,
1452 3010 1544 3068 καὶ
1561 3008 1625 3069 οὗ
1643 3012 1961 3087 σαφηνέως·

357 3094 484 3167 περὶ
517 3100 617 3153 τοῦ
649 3094 1044 3165 ἀποθανόντος,
1073 3094 1147 3157 ὥς
1183 3093 1247 3154 οὗ
1274 3095 1547 3172 πρότερον
1572 3096 1844 3158 θάπτεται
1868 3097 1963 3159 οἷν·

361 3176 492 3251 δρός
531 3182 766 3255 Πέρσεω
799 3180 832 3240 ὁ
868 3181 1040 3250 νέκυς,
1079 3181 1213 3257 πρὶν
1254 3180 1322 3241 ἂν
1355 3181 1447 3241 ὕπ’
1484 3182 1701 3260 ὄρνιθος
1731 3183 1769 3261 ἢ
1803 3185 1965 3250 κυνός

359 3263 717 3340 ἑλκυσθῆναι·
757 3265 993 3347 (μάγους
1022 3269 1128 3342 μὲν
1151 3266 1263 3346 γσῖρ
1305 3266 1571 3343 οἷτρεκέως
1596 3270 1723 3331 οἶδα
1746 3274 1965 3337 ποιέον-
