2250 3500
337 139 558 204 ⁷7-811
961 143 1287 194 marna.
1840 147 1939 196 ιιι»

333 223 562 294 ξύλινον
607 223 998 300 πεποιημένον,
1039 223 1426 300 μεμιμημένον
1468 228 1523 289 ἒς
1560 225 1636 286 τὰ
1680 223 1939 302 μάλιστα

337 312 432 370 καὶ
460 313 660 392 γραφῇ
692 311 784 369 καὶ
817 311 973 391 ἔργῳ,
1005 311 1251 392 μέγαθος
1281 309 1423 371 ὅσον
1452 337 1517 372 τε
1544 313 1728 391 πάντη
1758 339 1937 394 πηχυ-

335 401 462 459 αῖον
491 397 529 474 ἢ
565 399 826 478 δίπηχυν·
869 398 1078 462 δεικνύς
1113 399 1174 458 δὲ
1211 398 1429 478 ἑκάστῳ
1462 405 1572 460 τῶν
1606 403 1939 478 συμποτέων

335 487 510 567 λέγει·
553 496 589 522 “
607 491 663 550 ε’ς
693 488 894 546 τοῦτον
924 485 1109 562 ὁρέων,
1144 488 1273 547 πῖνέ
1304 511 1368 546 τε
1400 487 1493 546 καὶ
1521 489 1739 566 τέρπευ·
1782 491 1937 550 ἔσεαι

331 573 448 654 γὰρ
471 571 769 635 ἅποθανῶν
801 572 1102 638 vomitos-J
1170 577 1346 636 ταῦτα
1378 577 1485 652 μὲν
1508 575 1662 653 παραὶ
1695 576 1767 636 τὰ
1792 603 1935 656 συμ·

331 661 514 722 πόσια
537 663 782 722 ποιεῦσι.

417 749 722 827 Πατρίοισι
767 748 828 808 δὲ
872 747 1177 828 χρεόμενοι
1228 750 1474 828 νόμοισι,
1516 750 1697 810 ἄλλον
1740 751 1935 812 οὐδένα
1950 753 2027 814 79

334 836 709 897 ε’πικτέωνται.
763 839 918 897 τοῖσι
943 836 1098 897 ἄλλα
1122 863 1185 898 τε
1212 837 1413 908 ε’πάξιά
1438 843 1563 900 ε’στι
1588 839 1811 917 νόμιμα,
1841 841 1934 901 καὶ

331 923 404 1000 δὴ
441 925 532 984 καὶ
567 922 777 1002 ἄεισμα
813 925 874 984 ἔν
913 929 1036 986 ἔστι
1071 927 1259 997 Λίνος,
1292 926 1475 1006 ὅσπερ
1510 930 1569 988 ἔν
1602 953 1665 988 τε
1701 930 1931 1008 Φοινίκῃ

331 1010 583 1089 ἀοίδιμός
613 1017 738 1072 ε’στι
771 1012 866 1072 καὶ
899 1015 960 1073 έν
991 1013 1205 1094 Κύπρῳ
1230 1015 1323 1074 καὶ
1358 1013 1531 1095 ἄλλῃ·
1574 1016 1715 1077 κατὰ
1739 1019 1931 1094 μέντοι

333 1100 492 1160 ἔθνεα
518 1099 731 1177 οὕνομα
757 1101 890 1179 ἔχει·
930 1102 1283 1179 συμφέρεται
1302 1102 1363 1162 δὲ
1390 1102 1562 1167 &was
1588 1103 1727 1164 εἶναι
1750 1105 1851 1166 τόν
1876 1109 1931 1167 οἶ

324 1185 604 1265 Ἕλληνες
636 1188 808 1249 Λίνον
841 1185 1205 1264 ὀνομάζοντες
1243 1188 1514 1251 αἐίδουσι·
1556 1190 1701 1252 ὥστε
1736 1194 1933 1253 πολλὰ

331 1277 436 1351 μὲν
466 1275 556 1334 καὶ
591 1273 747 1335 ἄλλα
781 1273 1203 1352 ἀποθωμάζειν
1236 1301 1311 1352 με
1344 1281 1455 1337 τῶν
1485 1279 1614 1354 περὶ
1645 1281 1930 1360 Αἴγυπτον

333 1361 548 1432 ε’όντων,
575 1367 632 1422 ἐν
657 1361 718 1422 δὲ
746 1361 816 1438 δὴ
842 1363 936 1422 καὶ
968 1361 1069 1423 τόν
1093 1365 1266 1423 Λίνον
1296 1362 1492 1424 ὁκόθεν
1524 1367 1757 1442 ἔλαβον·
1798 1369 1927 1442 φαί-

333 1474 524 1509 νονται
556 1448 614 1514 δὲ
644 1448 735 1510 αἐί
765 1475 893 1510 κοτε
931 1453 1135 1512 τοῦτον
1172 1449 1465 1515 αἐίδοντες·
1510 1453 1632 1512 ἔστι
1671 1452 1731 1511 δὲ
1763 1457 1929 1534 Αἰγυ-

329 1537 526 1597 πτιστὶ
565 1536 598 1598 ὁ
637 1538 806 1601 Λίνος
851 1535 1189 1614 καλεύμενος
1242 1539 1529 1616 Μανέρως.
1600 1539 1823 1616 ἔφασαν
1864 1540 1929 1602 δέ

329 1649 428 1699 μιν
451 1623 750 1707 Αἰγύπτιοι
776 1628 880 1684 τοῦ
906 1623 1131 1701 πρώτου
1155 1626 1617 1702 βασιλεύσαντος
1637 1627 1926 1709 Αἰγύπτου

327 1713 502 1775 παῖδα
540 1711 878 1794 μουνογενέα
919 1712 1202 1793 γενέσθαι·
1266 1712 1619 1778 ἀποθανόντα
1665 1715 1712 1777 δ’
1758 1715 1927 1779 αύτόν

327 1799 537 1880 ἄνωρον
563 1800 822 1879 θρήνοισι
851 1800 1106 1861 τούτοισι
1136 1800 1231 1863 ὑπ’
1259 1806 1575 1886 Αἰγυπτίων
1600 1807 1921 1884 τιμηθῆναι·

328 1892 420 1950 καὶ
453 1889 648 1965 σῖοιδήν
671 1914 736 1948 τε
767 1887 972 1964 ταύτην
1001 1889 1228 1967 πρώτην
1256 1893 1348 1951 καὶ
1386 1892 1597 1969 μούνην
1626 1896 1803 1969 σφίσι
1833 1920 1923 1976 γε·

325 1980 542 2040 νέσθαι.
611 1976 1000 2055 Συμφέρονται
1041 1978 1101 2037 δὲ
1142 1980 1236 2038 καὶ
1273 1979 1401 2039 τόδε
1440 1980 1591 2042 ἄλλο
1624 1981 1921 2060 Αἰγύπτιοι
1938 1984 2017 2042 80

322 2064 612 2143 Ἑλλήνων
634 2063 893 2143 μούνοισι
915 2065 1429 2142 Λακεδαιμονίοισι·
1471 2070 1527 2125 οἱ
1552 2067 1803 2144 νεώτεροι
1828 2068 1923 2127 αύ-

323 2158 434 2215 τῶν
447 2158 603 2216 τοῖσι
625 2152 1070 2230 πρεσβυτέροισι
1096 2152 1569 2233 συντυγχάνοντες
1590 2155 1802 2213 εἴκουσι
1820 2157 1924 2230 τῆς

324 2242 456 2304 ὁδοῦ
491 2244 583 2303 καὶ
614 2240 1001 2318 ε’κτρσῖπονται,
1035 2241 1129 2300 καὶ
1165 2244 1387 2300 ἐπιοῦσι
1430 2241 1494 2311 ἐξ
1534 2242 1692 2320 ἕδρης
1732 2240 1921 2303 ὖπανι-

327 2332 541 2392 στέατι.
614 2329 742 2392 τόδε
783 2328 978 2406 μέντοι
1011 2327 1253 2389 ἄλλοισι
1292 2328 1581 2405 Ἑλλήνων
1622 2329 1922 2406 οὐδαμοῖσι

327 2420 732 2496 συμφέρονται·
773 2416 898 2477 ἀντὶ
930 2420 1032 2477 τοῦ
1063 2416 1505 2499 προσαγορεύειν
1540 2418 1830 2496 ἀλλήλους
1864 2426 1922 2481 ἐν

326 2511 464 2587 τῇσι
493 2507 693 2577 ὁδοῖσι,
720 2505 1135 2581 προσκυνέουσι
1166 2506 1442 2570 κατιέντες
1474 2508 1643 2588 μέχρι
1668 2512 1777 2583 τοῦ,
1794 2509 1921 2591 γού-

326 2621 489 2659 νατος
527 2594 632 2671 τήν
670 2597 853 2673 χεῖρα.
933 2591 1294 2655 Ἐνδεδύκασι
1334 2595 1395 2655 δὲ
1436 2598 1668 2659 κιθῶνας
1707 2599 1922 2661 λινέους
1940 2599 2011 2656 81

323 2684 453 2761 περὶ
477 2683 551 2743 τοὶ
575 2682 784 2742 σκέλεα
805 2681 1171 2752 θυσανωτοῦς,
1194 2682 1288 2747 οὓς
1316 2684 1584 2743 καλέουσι
1606 2685 1920 2759 καλασίρις·

325 2773 420 2833 ἐπὶ
451 2770 705 2833 τούτοισι
740 2769 800 2828 δὲ
841 2769 1040 2846 εἰρίνεα
1081 2771 1283 2847 εἵματα
1314 2770 1489 2832 λευκοὶ
1526 2770 1923 2844 ἐπαναβληδὸν

324 2860 618 2937 φορέουσι.
676 2854 742 2917 ού
768 2857 960 2933 μέντοι
987 2859 1041 2919 ἔς
1062 2883 1131 2937 γε
1156 2858 1228 2917 τοὶ
1256 2856 1349 2934 ipa*
1376 2857 1677 2933 ἐσφέρεται
1706 2855 1921 2931 εἰρίνεα,

323 2948 452 3009 οὐδὲ
481 2944 1013 3030 συγκαταθάπτεταί
1045 2951 1177 3020 σφι·
1220 2943 1285 3005 ού
1314 2944 1427 3024 γοὶρ
1465 2944 1645 3003 ὅσιον.
1713 2942 1917 3019 ὁμολο-

319 3037 520 3117 γέουσι
551 3038 611 3095 δὲ
643 3035 820 3094 ταῦτα
854 3034 1009 3091 τοῖσι
1038 3030 1369 3110 Ὀρφικοῖσι
1406 3031 1798 3107 καλεομένοισι
1831 3033 1923 3091 καὶ

321 3127 678 3204 Βακχικοῖσι,
701 3122 858 3179 ἐοῦσι
877 3119 936 3179 δὲ
956 3120 1320 3200 Αἰγυπτίοισι
1340 3118 1433 3175 καὶ
1460 3118 1920 3198 Πυθαγορείοισι·

322 3212 450 3272 οὐδὲ
472 3210 584 3292 γὰρ
610 3207 820 3271 τούτων
842 3209 953 3266 τῶν
972 3205 1174 3287 ὀργίων
1197 3204 1506 3282 μετέχοντα
1532 3204 1693 3263 ὅσιόν
1714 3208 1837 3265 ε’στι
1863 3210 1923 3264 ἐν
