2250 3500
268 96 279 107 ‘
346 112 629 179 loa-108]
1006 115 1274 167 emm.
1851 118 1948 167 253

344 197 629 270 ποταμῶν,
660 192 696 252 ό
736 193 814 263 δὲ,
846 192 1039 272 ὥσπερ
1078 194 1352 270 ἐσήμηνα,
1393 193 1793 273 ἁρπαζόμενος.
1873 193 1948 257 τοὶ

346 280 408 339 δέ
459 280 685 357 δένδρεα
734 281 807 341 τά
850 280 1019 361 ἄγρια
1064 281 1262 343 αὐτόθι
1315 284 1475 359 φέρει
1521 283 1736 361 καρπὸν
1791 283 1948 361 ε’ίρια,

346 372 599 447 καλλονῇ
644 394 709 429 τε
760 370 1121 446 προφέροντα
1166 370 1258 428 καὶ
1311 369 1484 448 άρετῇ
1529 376 1638 431 τῶν
1685 371 1798 431 ‹in-6
1839 376 1951 432 τῶν

345 455 495 516 ὀΐων·
563 457 658 516 καὶ
704 458 904 533 ἐσθῆτι
954 460 1009 516 οἱ
1056 455 1226 517 Ἰνδοὶ
1273 456 1388 518 α’πό
1431 457 1640 519 τούτων
1682 464 1793 520 τῶν
1835 460 1950 521 δεν-

346 542 521 619 δρέων
560 544 850 623 χρέωνται.
934 543 1094 621 Πρός
1118 544 1167 603 δ’
1193 543 1264 603 αὖ
1289 547 1654 623 μεσαμβρίης
1693 548 1910 626 ἐσχάτη
1931 546 2044 611 107

344 628 595 708 Ἀραβίη
636 636 748 692 τῶν
784 634 1111 710 οἷκεομένων
1153 634 1372 711 χωρέων
1408 634 1550 693 ἐστί·
1593 636 1652 693 ἐν
1686 632 1748 693 δὲ
1777 634 1952 713 ταύτῃ

345 719 667 794 λιβανωτός
718 720 785 781 τέ
840 725 965 781 ἐστι
1014 719 1194 798 μούνῃ
1255 721 1478 799 χωρέων
1533 721 1760 781 πασέων
1813 723 1950 798 φυό-

345 830 528 881 μενος,
554 860 563 869 .
592 808 685 867 καὶ
738 806 977 885 σμύρνη,
1027 808 1120 867 καὶ
1180 809 1369 885 κασίη,
1423 808 1518 868 καὶ
1583 807 1950 885 κιννάμωμον,

346 894 442 952 καὶ
495 894 758 971 λήδανον.
836 900 1017 957 ταῦτα
1069 896 1269 968 πάντα,
1323 896 1480 973 πλὴν
1528 900 1632 973 τῆς
1683 896 1950 974 σμύρνης,

346 980 661 1092 δυσπετέως
686 985 946 1044 κτέωνται
972 987 1027 1045 οἱ
1050 982 1334 1062 Ἀράβιοι.
1413 983 1515 1045 τόν
1539 985 1643 1063 μέν
1676 1010 1744 1066 γε
1780 986 1950 1061 λιβα-

345 1070 522 1130 νωτόν
562 1073 933 1152 συλλέγουσι,
966 1072 1073 1147 τήν
1113 1072 1368 1149 στύρακα
1411 1074 1711 1150 θυμιῶντες
1749 1072 1854 1149 τὴν
1895 1078 1952 1138 ἐς

336 1156 625 1234 Ἕλληνας
650 1161 898 1223 Φοίνικες
924 1160 1209 1242 ἐξάγουσι·
1249 1160 1456 1237 ταύτην
1483 1163 1781 1238 θυμιῶντες
1805 1164 1951 1237 λαμ-

345 1244 612 1321 βάνσυσι·
662 1272 737 1307 τα
776 1274 889 1329 γαρ
924 1248 1154 1325 δένδρεα
1187 1252 1368 1309 ταῦτα
1395 1275 1466 1309 τα
1509 1248 1952 1327 λιβανωτοφόρα

346 1330 508 1407 ὄφιες
556 1333 878 1413 ὖπόπτεροι,
924 1335 1115 1413 μικροὶ
1160 1361 1232 1394 τα
1273 1334 1538 1415 μεγάθεα,
1585 1335 1835 1395 ποικίλοι
1875 1362 1948 1395 τα

346 1421 513 1492 εἴδεα,
564 1423 958 1498 φυλάσσουσι,
1012 1421 1223 1499 πλήθεϊ
1279 1422 1492 1481 πολλοὶ
1546 1423 1678 1499 περὶ
1727 1422 1950 1498 δένδρον

348 1509 606 1572 ἕκαστον·
646 1510 803 1573 οὗτοι
828 1512 988 1589 οἷπερ
1014 1510 1099 1570 ἐπ’
1124 1512 1416 1592 Αἴγυπτον
1441 1508 1949 1587 ἐπιστρατεύονται·

348 1595 529 1659 σῦδενὶ
569 1599 631 1659 δὲ
671 1598 835 1679 ἄλλῳ
876 1598 1288 1661 ἀπελαύνονται
1319 1597 1432 1659 ‹in-3
1467 1601 1577 1659 τῶν
1607 1596 1883 1675 δενδρέων,
1911 1596 1950 1674 ἢ

346 1689 449 1762 τῆς
499 1687 776 1766 στύρακος
818 1691 897 1768 τῷ
949 1692 1157 1768 καπνῷ.
1237 1686 1492 1769 Λέγουσι
1536 1686 1597 1748 δὲ
1645 1686 1752 1746 καὶ)
1783 1685 1910 1747 τόδε
1930 1688 2045 1748 108

347 1772 627 1850 Ἀράβιοι,
682 1775 757 1840 ὥς
808 1780 973 1836 πᾶσα
1010 1775 1083 1838 ἂν
1124 1780 1204 1859 γῆ
1257 1775 1580 1854 ἐπίμπλατο
1620 1779 1732 1835 τῶν
1772 1774 1950 1852 ὀφίων

346 1861 572 1935 τούτων,
602 1867 650 1924 εἰ
674 1863 757 1941 μή
788 1864 1048 1944 γίνεσθαι
1080 1864 1199 1924 κατ’
1227 1862 1426 1929 αὖτοῧς
1458 1861 1578 1924 οἷόν
1601 1888 1658 1924 τι
1685 1863 1826 1924 κατὰ
1850 1862 1951 1927 ταῖς

349 1949 569 2028 ἐχίδνας
604 1949 933 2028 ἠπιστάμην
965 1951 1239 2032 γίνεσθαι.
1325 1951 1423 2010 καί
1457 1975 1562 2014 κως
1595 1953 1695 2010 τοῦ
1731 1950 1881 2010 θείου
1909 1949 1948 2026 ἦ

346 2039 598 2115 προνοίη,
648 2038 837 2115 ὥσπερ
881 2038 975 2098 καὶ
1015 2037 1166 2100 οἰκός
1201 2043 1342 2108 ἐστι,
1387 2041 1562 2096 ἐοῦσα
1601 2036 1783 2112 σοφή·
1836 2035 1951 2096 ὅσα

346 2127 452 2201 μὲν
493 2126 607 2208 γάρ
652 2127 841 2206 ψυχήν
881 2152 946 2187 τε
987 2123 1146 2185 δειλαὶ
1188 2125 1282 2184 καὶ
1335 2123 1589 2200 ἐδώδιμα,
1631 2126 1808 2182 ταῦτα
1846 2125 1951 2199 μὲν

346 2212 533 2274 πάντα
572 2213 865 2295 πολύγονα
918 2212 1236 2289 πεποίηκεν,
1279 2211 1368 2273 ἵνα
1419 2209 1501 2288 μή
1545 2210 1778 2289 ἐπιλίπῃ
1821 2235 1950 2270 κατ·

350 2301 671 2378 ἐσθιόμενα·
712 2301 827 2364 ὅσα
864 2301 925 2362 δέ
960 2301 1206 2380 σχέτλια
1245 2300 1337 2360 καὶ
1375 2297 1590 2375 οἷνιηροὶ,
1623 2295 1947 2380 ὀλιγόγονα.

348 2393 517 2450 τοῦτο
542 2393 664 2466 μὲν,
692 2388 779 2450 ὅτι
803 2389 837 2450 ό
862 2389 1040 2471 λαγός
1064 2387 1176 2450 fin&
1203 2387 1410 2452 παντός
1437 2386 1725 2464 θηρεύεται
1755 2387 1950 2464 θηρίου

352 2478 445 2538 καὶ
492 2478 713 2556 ὄρνιθος
752 2478 847 2538 καὶ
888 2477 1198 2554 ἀνθρώπου,
1247 2476 1388 2538 οὕτω
1429 2475 1498 2552 δή
1539 2501 1597 2537 τι
1633 2473 1953 2557 πολύγονόν

352 2570 497 2626 ἐστι·
554 2567 931 2630 ἐπικυΐσκεται
971 2570 1179 2643 μοῦνον
1213 2564 1434 2628 πάντων
1471 2565 1691 2643 θηρίων·
1749 2566 1842 2624 καὶ
1880 2563 1947 2624 v&

350 2655 455 2730 μὲν
479 2653 624 2714 δασῦ
662 2659 772 2717 τῶν
795 2656 997 2716 τέκνων
1024 2660 1083 2714 ἐν
1111 2659 1186 2733 τῇ
1209 2655 1437 2734 γαστρὶ,
1464 2652 1532 2712 τὸ
1567 2652 1628 2712 δὲ
1661 2651 1852 2729 ψιλόν,
1878 2650 1946 2710 τὸ

350 2741 413 2800 δὲ
438 2740 565 2820 ἄρτι
599 2747 660 2803 ἐν
698 2745 837 2821 τῇσι
869 2740 1123 2820 μήτρῃσι
1163 2741 1506 2809 πλάσσεται,
1531 2736 1600 2799 τό
1643 2738 1703 2796 δὲ
1737 2736 1950 2814 οἶναιρέ-

351 2854 490 2888 εται·
529 2832 699 2890 τοῦτο
736 2833 841 2907 μὲν
876 2830 945 2906 δὴ
980 2829 1202 2890 τοιοῦτό
1238 2833 1375 2888 ἐστι.
1460 2823 1499 2900 ἢ
1535 2826 1596 2885 δὲ
1631 2824 1700 2900 δὴ
1735 2824 1948 2894 λέαινα,

350 2916 448 2977 ἐὰν
484 2918 855 2997 ἰσχυρότατον
895 2918 988 2977 καὶ
1028 2915 1396 2994 θρασύτατον,
1437 2911 1592 2983 ἅπαξ
1630 2917 1687 2972 ἐν
1724 2917 1802 2990 τῷ
1839 2913 1953 2991 βίῳ

349 3006 527 3067 τίκτει
566 3007 642 3066 ἓν·
683 3005 955 3067 τίκτουσα
983 3004 1096 3086 γὰρ
1134 3001 1516 3079 συνεκβάλλει
1547 3005 1626 3080 τῷ
1657 3000 1828 3079 τέκνῳ
1853 2999 1954 3064 τοὶς

351 3094 590 3172 μήτρας·
648 3094 715 3156 τό
759 3095 820 3155 δὲ
872 3095 1049 3154 αἴτιον
1091 3090 1292 3152 τούτου
1331 3088 1460 3150 τόδε
1507 3089 1650 3149 ἐστί·
1712 3088 1879 3148 ἐπεὰν
1919 3087 1954 3148 ὅ

353 3181 603 3258 σκύμνος
642 3186 703 3242 ἐν
738 3186 813 3260 τῇ
847 3181 1033 3258 μήτρῃ
1069 3179 1174 3240 ἐῶν
1198 3177 1438 3257 ἄρχηται
1471 3174 1887 3253 διακινεόμενος,
1921 3173 1957 3236 ὅ

354 3267 418 3328 δὲ
459 3270 599 3347 ἔχων
636 3266 842 3347 ὄνυχας
880 3269 1084 3344 θηρίων
1122 3265 1346 3328 πολλὸν
1383 3263 1603 3327 πάντων
1641 3261 1954 3334 ὀξυτάτους,
