2250 3500
308 123 598 190 147—152]
1001 125 1227 177 xmm.
1844 131 1913 182 ⁷⁸

303 208 554 285 Αἰγαῖαι,
609 202 854 282 Μύρινα,
894 203 1151 282 Γρύνεια·
1206 200 1373 266 αὗται
1419 204 1612 266 ἕνδεκα
1659 207 1913 269 Αἰολέων

302 292 500 356 πόλιες
539 294 600 352 αἱ
637 290 888 371 ἀρχαῖαι·
939 293 1044 367 μία
1080 290 1193 372 γάρ
1233 298 1427 368 σφεων
1461 293 1755 371 παρελύθη
1794 294 1911 358 ύπο

301 378 518 452 Ἰώνων,
560 378 686 457 Σμι
684 405 808 457 ρνη·
849 377 1000 455 ἦσαν
1033 405 1147 461 γαρ
1184 380 1277 440 καὶ
1310 405 1473 441 αυται
1496 380 1739 468 δυώδεκα
1762 385 1823 442 αἱ
1850 387 1913 445 έν

303 472 377 547 τῇ
417 467 647 547 ἦπείρω.
715 465 870 528 οὗτοι
903 467 964 526 δὲ
1005 471 1060 528 οἶ
1091 469 1325 532 Αἰολέες
1356 461 1545 546 χώρην
1575 471 1680 545 μὲν
1710 471 1909 552 ἔτυχον

305 557 596 618 κτίσαντες
647 553 854 632 αμείνω
900 553 1114 627 Ἰωνων,
1170 553 1354 632 ωρέων
1405 555 1466 615 δὲ
1516 555 1766 632 ἥκουσαν
1807 583 1909 620 ουκ

305 642 525 720 ὁμοίως.
595 641 856 720 Σμύρνην
879 642 942 702 δὲ
977 638 1083 704 ωδε
1115 641 1415 720 ἀπέβαλον
1438 644 1689 707 Αἰολέες.
1754 650 1868 706 Ko-
1888 649 2003 710 150

303 732 618 807 λοφωνίους
643 729 846 808 ἄνδρας
869 729 1046 792 στάσι
1077 731 1428 794 ἑσσωθέντας
1454 731 1548 791 καὶ
1573 732 1911 800 ἐκπεσόντας

305 823 368 878 ἐκ
392 823 493 895 τῆς
517 818 784 895 πατρίδος
797 817 1153 890 ὑπεδέξαντο·
1193 816 1337 897 μετὰ,
1363 819 1439 892 δὲ,
1459 821 1515 880 οἰ
1541 819 1787 902 φυγάδες
1800 824 1913 883 τῶν

305 907 689 983 Κολοφωνίων
715 905 1066 983 φυλάξαντες
1087 906 1219 972 τοῦς
1244 906 1784 986 Σμυρναίους-’ὁρτὴν
1808 909 1913 980 ἔξω

302 997 516 1074 τείχεος
554 997 912 1074 ποιευμένους
953 995 1229 1077 Διονύσῳ,
1270 997 1374 1062 τοὶς
1412 995 1598 1061 πύλας
1636 995 1909 1076 ἅποκληΐ-

303 1109 506 1148 σαντες
551 1085 722 1162 ἔσχον
760 1082 866 1161 τήν
895 1083 1084 1145 πόλιν·
1138 1083 1553 1163 βοηθησάντων
1587 1085 1649 1145 δὲ
1684 1085 1909 1147 πάντων

301 1173 571 1243 Αἰολέων,
599 1171 878 1254 ὁμολογίῃ
905 1171 1240 1251 ἐχρήσαντο,
1258 1173 1333 1234 τὰ
1357 1174 1569 1234 ἔπιπλα
1588 1171 1909 1235 ἀποδόντων

300 1263 414 1320 τιῖῐν
451 1259 648 1321 Ἰώνων
679 1263 928 1322 ἐκλιπεῖν
959 1259 1221 1338 Σμύρνην
1254 1261 1515 1325 Αἰολέας·
1559 1261 1911 1338 ποιησάντων

303 1348 367 1408 δὲ
405 1353 582 1408 ταῦτα
621 1349 961 1426 Σμυρναίων,
1003 1347 1369 1409 ε’πιδιειλοντό
1408 1355 1593 1425 σφεας
1628 1351 1687 1408 αἱ
1720 1349 1910 1408 ἕνδεκα

302 1434 520 1508 πόλιες,
571 1438 664 1497 κἀὶ
717 1435 1058 1511 ἐποιήσαντο
1109 1436 1307 1513 σφέων
1356 1435 1565 1496 αὐτέων
1614 1435 1909 1510 πολιήτας.

301 1520 487 1584 Αὗται
520 1525 624 1601 μέν
647 1551 744 1585 νυν
769 1527 830 1584 αἱ
859 1523 1217 1602 ἠπειρώτιδες
1248 1523 1503 1586 Αἰολίδες
1528 1522 1743 1594 πόλιες,
1770 1523 1871 1592 ἔξω
1890 1526 1998 1584 151

302 1616 415 1672 τῶν
455 1617 513 1672 ἐν
546 1616 619 1692 τῇ
646 1610 773 1692 Ἴδῃ
810 1614 1133 1689 οἰκημένων·
1177 1612 1542 1692 κεχωρίδαται
1575 1611 1687 1695 γὰρ
1726 1608 1907 1672 αὗται·

304 1703 366 1761 αἱ
389 1700 449 1761 δὲ
471 1701 574 1765 τᾶς
597 1700 808 1779 νήσους
831 1701 1081 1781 ἔχουσαι,
1107 1703 1274 1763 πέντε
1298 1704 1404 1780 μὲν
1416 1700 1612 1765 πόλιες
1635 1700 1741 1778 τήν
1760 1701 1910 1762 Λέσ·

303 1790 417 1866 βον
455 1791 740 1867 νέμονται·
789 1789 896 1866 τὴν
929 1816 1042 1871 γαρ
1083 1790 1247 1868 ἕκτην
1280 1796 1340 1851 έν
1367 1794 1442 1871 τῇ
1481 1791 1697 1870 Λέσβω
1736 1794 1909 1850 οἰκεο·

301 1878 478 1955 μένην
514 1877 800 1956 Ἀρίσβαν
839 1876 1259 1954 ἠνδραπόδισαν
1310 1880 1675 1955 Μηθυμναιοι
1720 1876 1911 1941 ε’όντας

303 1965 598 2043 ομαίμους·
639 1970 698 2027 έν
732 1966 944 2045 Τενέδῳ
979 1966 1040 2027 δε
1073 1968 1179 2043 μία
1220 1968 1457 2027 οἰκέεται
1495 1965 1679 2037 πόλις,
1720 1966 1815 2024 καὶ
1850 1970 1911 2025 έν

301 2058 442 2133 τῇσι
463 2053 930 2131 Ἐκατοννήσοισι
955 2055 1331 2133 καλεομένῃσι
1358 2053 1513 2129 αλλη
1537 2052 1662 2129 μία.

371 2143 707 2251 Λεσβίοισι
725 2143 830 2220 μέν
855 2168 952 2203 νυν
979 2143 1072 2201 καὶ
1098 2142 1423 2211 Τενεδίοισι,
1442 2138 1691 2215 κατάπερ
1713 2136 1913 2199 Ἰώνων

301 2234 460 2291 τοῖσι
495 2230 597 2294 τοὶς
637 2230 846 2307 νήσους
885 2231 1098 2309 ἔχουσι,
1110 2227 1205 2338 ’,ἦν
1240 2226 1419 2289 δεινον
1464 2224 1641 2286 ούδέν·
1682 2229 1819 2305 τῇσι
1850 2225 1912 2285 δὲ

303 2308 548 2399 λοιπῇσι
578 2317 782 2380 πόλισι
820 2318 946 2379 εαδε
980 2322 1138 2397 κοινῇ
1158 2316 1323 2377 Ἴωσι
1360 2315 1598 2376 επεσθαι
1620 2318 1692 2394 τῇ
1720 2340 1789 2375 αν
1820 2339 1909 2374 ου·

303 2432 396 2469 τοι
431 2407 780 2488 ἐξηγέωνται.
845 2405 946 2469 Ὡς
975 2405 1102 2465 δὲ’
1065 2405 1335 2467 απικέατο
1376 2409 1434 2468 ές
1468 2402 1573 2480 τήν
1604 2402 1870 2483 Σπάρτην
1890 2404 2005 2463 152

305 2498 418 2556 τῶν
456 2494 653 2556 Ἰώνων
685 2495 778 2555 καὶ
815 2495 1064 2555 Αἰολέων
1099 2498 1155 2554 οἱ
1194 2492 1449 2576 ἄγγελοι,
1489 2490 1657 2573 (κατὰ
1693 2493 1805 2574 γὰρ
1841 2490 1910 2569 δὴ

305 2581 480 2662 τάχος
516 2581 588 2658 ἦν
625 2586 803 2643 ταῦτα
839 2582 1257 2662 πρησσόμενα,)
1298 2582 1517 2641 εἴλοντο
1548 2579 1659 2659 πρό
1693 2580 1914 2640 πάντων

306 2670 496 2752 λέγειν
532 2670 634 2731 τόν
663 2670 912 2741 Φωκαέα,
945 2674 1024 2749 τῷ
1059 2668 1271 2747 οὕνομα
1310 2668 1381 2746 ἦν
1423 2667 1740 2746 Πύθερμος·
1787 2665 1820 2725 ὅ
1852 2666 1913 2725 δὲ

306 2757 630 2837 πορφύρεόν
652 2783 716 2818 τε
742 2758 871 2836 εἷμα
905 2757 1356 2836 περιβαλόμενος
1384 2755 1454 2820 ὥς
1478 2754 1548 2816 ἂν
1572 2752 1913 2829 πυνθανόμε·

291 2871 396 2929 ,νοι
420 2849 686 2907 πλεῖστοι
714 2847 1040 2907 συνέλθοιεν
1065 2844 1473 2923 Σπαρτιητέων,
1494 2869 1587 2902 και
1614 2839 1911 2911 καταστὰς,

309 2935 472 3016 ἔλεγε
509 2934 706 2993 πολλοὶ
739 2934 1026 3012 τιμωρέειν
1071 2936 1327 2993 ἑωυτοῖσι
1356 2930 1592 3010 χρῄζων·
1644 2926 1912 2989 Λακεδαι-

306 3021 494 3099 μόνιοι
521 3022 580 3083 δὲ
605 3048 670 3082 ου
699 3048 804 3085 κως
835 3021 1055 3098 ἤκουον,
1081 3019 1215 3081 ἀλλ’
1243 3019 1481 3087 ἀπέδοξέ
1505 3022 1619 3093 σφι
1642 3042 1724 3093 μη
1749 3040 1913 3090 τιμω-

307 3110 456 3187 ρέειν
464 3109 646 3171 ”.Ιωσι
702 3113 758 3170 οἶ
780 3113 884 3187 μὲν
901 3109 968 3185 δη
987 3107 1458 3169 ἀπαλλάσσοντο·
1484 3102 1915 3180 Λακεδαιμόνιοι.

309 3198 372 3258 δὲ
396 3197 762 3276 ἀπωσάμενοι
784 3200 896 3257 τῶν
919 3196 1116 3257 Ἰώνων
1140 3194 1271 3257 τούς
1297 3189 1641 3273 ἄγγέλους,“’
1609 3216 1756 3267 ομως
1781 3190 1914 3250 dvri-

309 3290 549 3350 στειλαν
591 3284 1004 3363 πεντηκοντέρῳ
1043 3278 1263 3360 ἄνδρας,
1302 3279 1375 3342 ὦς
1408 3281 1515 3357 μὲν
1540 3278 1681 3344 ἐμοὶ
1718 3277 1913 3353 δοκέει,
