2250 3500
277 141 568 207 162—166]
976 143 1205 196 mmm.
1816 147 1879 194 ει

275 222 422 282 σθαι
444 221 658 300 ἡμέρην
680 223 832 302 μίαν,
859 223 954 282 καὶ
977 225 1167 282 ἔπειτα
1188 222 1635 302 ὑποκρινέεσθαι·
1674 229 1735 286 ἐν
1756 221 1801 305 ᾧ
1824 223 1885 286 δὲ

277 308 658 385 βουλεύονται
689 309 866 382 αὖτοὶ,
897 310 1211 392 ἀπαγαγεῖν
1248 315 1453 373 ἐκεῖνον
1494 313 1749 374 ἐκέλευον
1777 313 1881 390 τῆν

277 396 554 474 στρατιὴν
579 394 694 476 dm}
717 401 820 458 τοῦ
843 397 1104 477 τείχεος.”
1174 397 1207 458 ὁ
1234 397 1281 458 δ’
1296 399 1587 480 Ἅρπαγος
1613 401 1723 478 ἔφη
1758 411 1795 438 “
1810 405 1883 462 εἰ·

278 483 436 544 ὃέναι
455 487 561 561 μὲν
587 483 647 546 εὖ
671 484 744 546 τὰ
769 489 966 546 ἐκεῖνοι
989 487 1261 563 μέλλοιεν
1284 488 1507 558 ποιέειν,
1524 486 1671 565 ὅμως
1690 488 1754 548 δέ
1769 495 1883 565 σφι

277 573 539 650 παριέναι
572 571 1054 650 βουλεύσασθαι.”
1123 578 1182 634 ἐν
1212 571 1257 653 ᾧ
1288 573 1363 634 ὦν
1394 573 1427 635 ὁ
1446 573 1737 657 Ἅρπαγος
1768 575 1883 638 ἆπό

276 663 382 720 τοῦ
419 662 636 740 τείχεος
669 659 928 742 ἀπήγαγε
964 660 1069 737 τήν
1107 659 1397 739 στρατιήν,
1433 664 1489 721 οἱ
1526 663 1795 726 Φωκαιέες
1823 668 1886 726 ἐν

277 747 458 828 τούτῳ
483 748 948 813 κατασπάσαντες
970 749 1070 812 τὰς
1095 751 1565 832 πεντςκοντέρους,
1594 751 1885 827 ἐσθέμενοι

278 837 448 896 τέκνα
487 838 580 897 καὶ
616 841 880 919 γυναῖκας
919 837 1012 898 καὶ
1047 838 1259 898 ἔπιπλα
1288 837 1491 911 πάντα,
1522 838 1665 917 πρὸς
1698 839 1759 900 δὲ
1791 865 1883 900 και

277 949 354 984 τα
393 924 698 1008 ἀγάλματα
727 924 802 986 τοὶ
836 929 898 986 ἐκ
926 923 1037 987 τῶν
1069 928 1216 1002 ἱρῶν,
1253 953 1347 986 και
1376 926 1449 987 τοὶ
1481 926 1636 987 ἅλλα
1660 896 1881 1003 λαναθή-

277 1037 452 1088 ματα,
477 1014 646 1092 χωρὶς
679 1012 712 1074 ὅ
741 1039 800 1074 τι
831 1001 1104 1093 χαλκος*
1069 1039 1106 1089 η
1132 1011 1353 1078 λίθος*
1317 1040 1355 1090 η
1377 1013 1647 1095 γραφη’
1608 1041 1694 1092 ην,
1720 1014 1795 1077 τοὶ
1818 1015 1880 1076 δὲ

278 1097 438 1160 ἄλλα
466 1099 651 1161 πάντα
676 1101 932 1166 ἐσθέντες
956 1102 1050 1161 καὶ
1075 1099 1235 1162 αὐτοὶ
1260 1101 1537 1180 ἐσβάντες
1562 1103 1814 1164 ἔπλεον’
1788 1102 1881 1164 επὶ

277 1188 444 1248 Χίου·
485 1187 590 1266 τήν
615 1189 676 1249 δὲ
700 1188 954 1265 Φωκαίην
980 1189 1363 1268 ἐρημωθεῖσαν
1388 1188 1655 1262 ἀνδρῶν’
1625 1217 1797 1270 εσχον
1826 1217 1881 1252 οι

279 1275 526 1352 Πέρσαι.
595 1279 670 1336 Οἱ
694 1277 754 1336 δὲ
777 1277 1064 1346 Φωκαιέες,
1092 1277 1218 1337 ἐπεί
1237 1301 1299 1336 τε
1326 1284 1439 1354 σφι
1463 1277 1597 1337 Χίοι
1621 1277 1721 1341 ταῖς
1747 1276 1839 1354 νή-
1858 1279 1975 1340 165

278 1389 418 1428 σους
441 1363 544 1429 τὰς
571 1364 892 1429 Οἰνούσσας
915 1365 1258 1443 καλεομένας
1272 1363 1373 1424 οὔκ
1392 1363 1701 1441 ἐβούλοντο
1724 1364 1881 1426 ὠνεο-

276 1452 504 1528 μένοισι
540 1453 793 1524 πωλέειν,
834 1452 1205 1530 δειμαίνοντες
1242 1451 1323 1527 μή
1365 1454 1423 1511 αἱ
1464 1453 1569 1528 μὲν
1616 1451 1882 1529 ἐμπόριον

274 1541 544 1621 γένωνται
561 1566 600 1617 η
583 1539 680 1601 ’δὲ
699 1538 878 1601 αὐτῶν
896 1543 1071 1616 νῆσος
1085 1537 1448 1618 α’,ποκληῖσθῇ
1466 1536 1667 1599 τούτου
1684 1538 1881 1612 εἵνεκα,

276 1628 420 1738 πρὸς
457 1632 635 1689 ταῦτα
674 1631 728 1688 οἶ
760 1627 1030 1692 Φωκαιέες
1065 1627 1463 1688 ἐστέλλοντο’
1435 1652 1491 1692 ες
1515 1624 1757 1705 Κύρνον·
1796 1628 1882 1710 (ἐν

274 1715 386 1797 γάρ
424 1720 498 1796 τῇ
529 1714 726 1796 Κύρνῳ
753 1715 931 1777 εἴκοσι
967 1715 1116 1777 ἔτεσι
1140 1712 1413 1793 πρότερον
1435 1714 1645 1777 τούτων
1671 1719 1733 1776 ἐκ
1760 1716 1879 1778 θεο-

275 1806 520 1883 προπίου
545 1804 934 1881 ἀνεστήσαντο
963 1804 1151 1875 πόλιν,
1177 1808 1251 1883 τῇ
1288 1801 1498 1883 οὕνομα
1521 1802 1592 1881 ἦν
1615 1802 1879 1882 Ἀλαλίη·

275 1890 682 1975 Ἀργανθώνιος
705 1894 766 1955 δὲ
782 1896 1088 1969 τηνικαῦτα
1110 1890 1221 1969 ἤδη
1244 1891 1683 1974 τετελευτήκεε)
1710 1897 1878 1954 στελ-

274 1980 509 2059 λόμενοι
541 1981 603 2041 δὲ
632 1981 726 2041 ἐπὶ
757 1979 862 2058 τὴν
894 1979 1133 2058 Κύρνον,
1166 1983 1359 2057 πρῶτα
1392 1978 1879 2044 καταπλεῶαντες

275 2072 334 2133 ἐς
381 2068 487 2145 τήν
535 2070 790 2147 Φωκαίην
837 2066 1254 2144 κατεφόνευσαν
1294 2072 1407 2127 τῶν
1458 2066 1728 2143 Περσέων
1776 2065 1881 2141 τήν

273 2156 556 2234 φυλακὴν,
585 2156 624 2234 ἣ
655 2155 922 2235 ἐφρούρεε
951 2154 1375 2233 παραδεξαμένη
1408 2152 1563 2230 παρὰ
1590 2150 1880 2233 Ἀρπαῖγου

271 2244 379 2320 τὴν
401 2244 591 2306 πόλιν·
629 2244 772 2322 μετὰ
808 2244 886 2314 δὲ,
915 2242 986 2307 ὥς
1007 2239 1178 2303 τοῦτό
1203 2246 1317 2324 σφι
1342 2239 1665 2322 ἐξέργαστο,
1694 2238 1879 2315 ἐποιή-

273 2357 454 2392 σαντο
507 2331 742 2412 ἰσχυροῖς
792 2330 1035 2409 κατάρας
1080 2332 1161 2409 τῷ
1204 2326 1625 2407 ὑπολειπομένῳ
1669 2330 1879 2389 ἐωυτῶν

273 2422 378 2480 τοῦ
417 2419 650 2480 στόλου·
691 2419 831 2497 πρὸς
870 2420 930 2479 δὲ
958 2416 1214 2498 ταύτῃσι,
1251 2416 1343 2477 καὶ
1375 2416 1586 2496 μύδρον
1619 2415 1879 2495 σιδήρεον

276 2507 704 2569 κατεπόντωσαν
757 2508 850 2567 καὶ
901 2505 1131 2585 ὤμοσαν
1178 2516 1213 2544 “
1228 2505 1309 2584 μή
1353 2506 1485 2585 πρὶν
1527 2510 1583 2569 ἐς
1624 2506 1878 2583 Φωκαίην

271 2592 440 2671 ἥξειν,
482 2596 615 2672 πρὶν
647 2592 686 2671 ἢ
721 2594 823 2656 τόν
856 2594 1064 2674 μύδρον
1096 2595 1297 2655 τοῦτον
1335 2593 1669 2673 ἆναφῇναι·”
1709 2597 1875 2653 στελ-

269 2683 524 2758 λομένων
549 2684 608 2742 δὲ
633 2681 813 2743 αὖτῶν
838 2682 930 2743 ἐπὶ
952 2681 1055 2758 τὴν
1074 2681 1311 2759 Κύρνον,
1337 2681 1477 2757 ὖπὲρ
1502 2680 1743 2758 ἡμίσεας
1766 2684 1877 2739 τῶν

271 2768 462 2831 οἰστῶν
487 2771 664 2847 ἔλαβε
689 2769 863 2834 πόθος
886 2796 949 2830 τε
976 2770 1069 2828 καὶ
1094 2768 1275 2833 οἶκτος
1299 2773 1401 2845 τῆς
1424 2766 1623 2829 πόλιος
1650 2767 1742 2825 καὶ
1765 2770 1877 2826 τῶν

268 2856 450 2933 ἠθέων
470 2884 579 2943 της
598 2856 799 2937 χώρης·
835 2855 1153 2935 ψευδόρκιοι
1179 2856 1239 2916 δὲ
1261 2855 1565 2937 γενόμενοι,
1592 2852 1876 2914 ἀπέπλεον

269 2944 458 3005 ὀπίσω
489 2951 546 3011 ἐς
577 2946 682 3023 τήν
705 2945 976 3021 Φωκαίην·
1019 2970 1073 3005 οι
1106 2944 1167 3004 δὲ
1206 2969 1385 3004 αυτων
1419 2942 1486 3003 τὰ
1520 2941 1706 3020 ὅρκιον
1743 2937 1873 3015 ἐφύ-

268 3036 517 3105 λασσον,
532 3032 863 3113 ἅερθέντες’
837 3060 898 3092 εκ
915 3037 1025 3093 τῶν
1042 3031 1398 3097 Οἰνουσσέων
1417 3030 1637 3089 ἔπλεον.
1676 3026 1840 3087 Ἐπεί
1855 3028 1969 3088 166

268 3147 335 3182 τε
359 3122 419 3181 δὲ
447 3128 502 3187 ἐς
525 3121 630 3197 τὴν
655 3119 876 3199 Κύρνον
901 3120 1184 3190 ἀπίκοντο,
1213 3119 1392 3177 οἴκεον
1419 3120 1574 3193 κοινῇ
1598 3114 1741 3190 μετὰ.
1765 3118 1875 3173 τῶν

269 3208 545 3287 πρότερον
575 3208 921 3284 ἀπικομένων
952 3206 1036 3265 ἐπ’
1063 3206 1187 3265 ἔτεα
1216 3205 1380 3263 πέντε
1416 3204 1509 3261 καὶ
1544 3201 1637 3279 ἱροὶ
1674 3199 1875 3277 ἐνιδρύ-

269 3320 468 3357 σαντο·
513 3295 606 3355 καὶ
632 3292 772 3375 ἄγον
793 3293 904 3373 ’γὰρ
931 3293 1000 3369 δὴ
1037 3293 1130 3353 καὶ
1166 3292 1367 3367 ἔφερον
1404 3287 1533 3352 τούς
1566 3288 1876 3366 περιοίκους

2070 3376 2235 3451 Δ
