2250 3500
343 138 410 184 96
962 134 1329 185 ⁸11P0A0'1’0‘r
1866 135 1943 200 [Ι.

337 213 586 292 κατάπερ
610 213 651 289 ἦ
677 213 976 294 Αἰγυπτίη,
1000 239 1172 273 κατατ
1180 213 1407 290 έτμηται
1438 216 1494 276 ἐς
1518 210 1810 293 διώρυχας·
1849 217 1945 278 καὶ

335 301 376 377 ἤ
419 302 664 383 μεγίστη
703 306 813 361 τῶν
851 300 1128 380 διωρύχων
1176 301 1299 361 ἐστὶ
1340 301 1759 377 νηυσιπέρητος,
1802 303 1945 380 πρός

337 387 502 464 ἥλιον
524 390 872 466 τετραμμένη
896 389 995 449 τὸν
1014 386 1347 468 χειμερινόν·
1381 387 1568 466 ἐσέχει
1594 387 1654 447 δὲ
1680 393 1735 451 ἐς
1758 387 1947 451 ἄλλον

337 474 591 552 ποταμόν
631 481 691 536 ἐκ
731 481 832 537 τοῦ
871 476 1196 553 Εὐφρήτεω,
1232 479 1286 538 ἐς
1324 473 1424 534 τὸν
1458 475 1669 554 Τίγριν,
1709 476 1841 554 παρ’
1878 477 1945 539 ὃν

337 568 508 627 Νῖνος
532 563 698 628 πόλις
735 565 943 642 οἴκητο·
985 565 1108 624 ἔστι
1145 563 1207 622 δὲ
1243 563 1464 642 χωρέων
1503 561 1643 639 αὕτη
1680 561 1943 628 ἀπασέων

337 657 531 731 μακρῷ
573 651 780 730 ἀρίστη
821 656 931 713 τῶν
972 649 1134 727 ἡμεῖς
1179 650 1337 728 ἴδμεν
1380 649 1681 728 Δήμητρος
1726 652 1942 729 καρπόν

336 742 606 818 ἐκφέρειν·
662 742 736 801 τά
774 740 888 823 γὰρ
932 739 1000 814 δὴ
1043 738 1200 798 ἄλλα
1244 738 1469 815 δένδρεα
1516 737 1643 798 οὐδὲ
1683 743 1943 817 πειρᾶται

269 829 286 843 ’
336 827 516 909 ἀρχὴν
542 830 749 906 φέρειν,
772 827 898 888 οὔτε
918 826 1122 902 συκέην
1144 825 1271 886 οὔτε
1292 825 1547 901 ἄμπελον
1573 825 1700 886 οὔτε
1726 829 1939 904 ἐλαίην·

334 916 434 977 τόν
473 917 534 975 δὲ
570 920 672 993 τῆς
712 915 1011 993 Δήμητρος
1051 912 1266 991 καρπόν
1307 911 1411 974 ὦδε
1451 911 1637 994 ἀγαθὴ
1687 916 1941 992 ἐκφέρειν

337 1003 477 1074 ἐστὶ,
517 1001 664 1062 ὥστε
701 1003 792 1062 ἐπὶ
823 1001 1082 1078 διηκόσια
1113 1003 1219 1080 μὲν
1252 1001 1320 1061 τό
1362 999 1629 1078 παράπαν
1666 999 1939 1074 ἀποδιδοῖ,

337 1089 505 1151 ἐπεοῖν
537 1090 598 1150 δὲ
633 1088 842 1168 ἄριστα
875 1089 1016 1166 αὗτή
1054 1093 1309 1166 ἐωυτῆς’
1284 1089 1479 1168 ενείκῃ,
1520 1089 1613 1148 ἐπὶ
1642 1090 1941 1166 τριηκόσια

337 1178 690 1254 ἐκφέρει·τά
724 1179 784 1238 δὲ
816 1177 1014 1256 φύλλα
1047 1175 1243 1238 αὗτόθι
1273 1180 1383 1237 τῶν
1410 1201 1471 1236 τε
1498 1181 1685 1255 πυρῶν
1712 1179 1804 1237 καὶ
1828 1183 1939 1240 τῶν
1992 1191 2003 1200 “

337 1265 565 1343 κριθέων
592 1292 658 1328 το
691 1265 907 1342 πλάτος
933 1267 1147 1349 γίνεται
1184 1265 1468 1342 τεσσέρων
1509 1262 1774 1328 ευπετέως
1810 1265 1938 1326 δακ-

334 1353 534 1414 τύλων·
577 1358 638 1414 ἐκ
671 1354 730 1414 δὲ
763 1354 1001 1436 κέγχρου
1033 1353 1127 1413 καὶ
1159 1352 1427 1429 σησάμου
1453 1351 1592 1412 ὅσον
1622 1379 1680 1413 τι
1713 1353 1939 1432 δένδρον

333 1440 579 1524 μέγαθος
619 1443 834 1525 γίνεται
873 1439 1304 1518 ἐξεπιστάμενος
1341 1439 1567 1518 μνήμην
1600 1439 1666 1500 οὗ
1698 1440 1937 1518 ποιήσο-

267 1541 272 1548 ’
331 1554 452 1606 μαι,
495 1530 556 1590 εὖ
588 1529 738 1594 εἰδώς
768 1529 856 1591 ὅτι
883 1533 1038 1590 τοῖσι
1076 1528 1159 1606 μή
1200 1527 1561 1608 ἀπιγμένοισι
1594 1532 1652 1591 ἐς
1689 1527 1793 1606 τήν
1824 1536 1937 1590 Βα-

332 1618 617 1693 βυλωνίην
641 1617 831 1697 χώρην
857 1617 950 1676 καὶ
978 1616 1051 1676 τὰ
1077 1615 1335 1694 εἰρημένα
1363 1619 1588 1693 καρπῶν
1613 1615 1855 1696 ἐχόμενα
1880 1622 1939 1682 ἐς

332 1703 598 1781 ἀπιστίην
622 1704 850 1780 πολλὴν
873 1702 1121 1765 ἀπῖκται.
1190 1703 1453 1783 χρέονται
1477 1703 1537 1763 δὲ
1563 1701 1721 1765 οὐδὲν
1748 1706 1933 1786 ἐλαίῳ,

333 1791 464 1851 ἀλλ’
506 1788 586 1851 ἐκ’
604 1797 717 1853 τῶν
754 1791 1031 1869 σησάμων
1068 1797 1368 1857 ποιεῦντες.
1436 1792 1547 1852 εἰσὶ
1572 1792 1635 1851 δέ
1670 1799 1783 1870 σφι
1807 1795 1933 1869 φοί·

331 1905 474 1943 νικες
508 1880 816 1957 πεφυκότες
854 1879 961 1942 <ivd
989 1884 1102 1940 πᾶν
1137 1879 1205 1940 τό
1241 1880 1448 1951 πεδίον,
1483 1882 1536 1939 οἳ
1571 1883 1806 1944 πλεῦνες
1838 1880 1935 1941 αὖ·

329 1972 440 2030 τῶν
481 1968 850 2047 καρποφόροι,
898 1974 960 2028 ἐκ
1002 1972 1113 2030 τῶν
1165 1969 1259 2027 καὶ
1310 1969 1468 2028 σιτία
1512 1968 1606 2027 καὶ
1648 1967 1799 2029 οἶνον
1838 1972 1935 2031 καὶ

329 2055 465 2135 μέλι
505 2062 806 2118 ποιεῦνται·
866 2056 996 2121 τοῦς
1037 2056 1251 2117 συκέων
1290 2055 1501 2133 τρόπον
1542 2055 1931 2133 θεραπεύουσι,

328 2144 402 2205 τά
438 2172 502 2207 τε
543 2145 712 2217 ἄλλα,
762 2146 856 2206 καὶ
898 2145 1176 2254 φοινίκων
1212 2141 1343 2208 τούς
1394 2144 1622 2221 ἔρσενας
1652 2142 1932 2221 ’Έλληνες

329 2236 612 2306 καλέουσι,
638 2233 845 2296 τούτων
868 2233 969 2295 τόν
995 2232 1211 2311 καρπόν
1240 2230 1559 2309 περιδέουσι
1580 2234 1718 2310 τῇσι
1741 2233 1931 2308 βαλα-

328 2321 631 2399 νηφόροισι
654 2326 763 2382 τῶν
789 2321 1125 2397 φοινίκων,
1100 2346 1191 2381 ινα
1213 2320 1455 2399 πεπαίνῃ
1493 2320 1559 2381 τέ
1589 2324 1702 2395 σφι
1741 2346 1774 2380 ο
1815 2320 1932 2399 ψὴν

326 2408 430 2483 τήν
467 2407 727 2484 βάλανον
767 2408 1007 2468 ἐσδύνων
1047 2408 1141 2467 καὶ
1179 2408 1260 2484 μὴ
1300 2407 1547 2487 ἀπορρέῃ
1587 2434 1619 2468 ο
1661 2408 1871 2484 καρπός
1894 2408 1929 2469 ὁ

327 2498 428 2554 τοΐ
453 2494 721 2569 φοίνικος·
763 2499 943 2573 ψῆνας
971 2494 1082 2575 γὰρ
1119 2494 1188 2570 δὴ
1228 2496 1558 2573 φορέουσι’
1531 2521 1590 2557 εν
1620 2496 1698 2574 τῷ
1736 2499 1930 2576 καρπῷ

329 2582 645 2665 οῖιέρσενες,
673 2581 920 2661 κατάπερ
948 2582 1015 2659 δή
1042 2585 1097 2643 οἱ
1121 2581 1369 2643 ὄλυνθοι.

238 2671 350 2730 194
429 2670 509 2731 T&
551 2670 611 2729 δὲ
651 2669 906 2732 ἀπάντων
949 2672 1144 2748 θῶυμα
1187 2669 1460 2753 μέγιστόν
1502 2671 1608 2748 μοί
1654 2675 1779 2731 ἐστι
1816 2674 1928 2731 τῶν

322 2756 496 2836 ταύτῃ
536 2758 681 2835 μετά
716 2784 785 2840 γε
825 2757 997 2835 αὐτὴν
1035 2759 1141 2833 τήν
1180 2757 1367 2829 πόλιν,
1402 2759 1637 2838 ἔρχομαι
1670 2758 1925 2835 φράσων.

323 2845 397 2905 τοὶ
420 2850 598 2907 πλοῖα
623 2846 849 2907 αὐτοῖσί
875 2852 999 2907 ἐστι
1027 2845 1101 2906 τοὶ
1128 2846 1270 2906 κατοὶ
1292 2845 1391 2906 τόν
1416 2846 1671 2925 ποταμόν
1696 2845 1925 2924 πορευό-

322 2957 464 3010 μενα
503 2937 560 2997 ἐς
597 2933 702 3011 τήν
745 2935 1084 3010 Βαβυλῶνα,
1140 2932 1302 2993 ἐόντα
1344 2935 1695 3010 κυκλοτερέα,
1743 2932 1929 2994 πάντα

323 3020 574 3080 σκύτινα·
616 3020 784 3081 ἐπεάν
807 3021 921 3103 γάρ
953 3025 1012 3079 ἐν
1045 3024 1201 3080 τοῖσι
1221 3019 1567 3098 Ἀρμενίοισι
1602 3026 1759 3083 τοῖσι
1798 3046 1927 3083 κατ·

323 3104 557 3181 ύπερθε’
560 3108 859 3184 Ασσυρίων
877 3107 1224 3182 οἰκημένοισι
1238 3107 1437 3183 νομέας
1456 3108 1599 3184 ἰτέης
1619 3108 1929 3187 ταμόμενοι

323 3191 681 3264 ποιήσωνται,
720 3193 1093 3269 περιτείνουσι
1132 3191 1385 3252 τούτοισι
1419 3194 1687 3271 διφθέρας
1722 3221 1927 3277 στεγα-

327 3276 554 3351 στρίδας
581 3279 780 3347 ἔξωθεν
815 3277 1052 3353 ἐδάφεος
1080 3276 1307 3355 τρόπον,
1340 3278 1467 3339 οὔτε
1497 3282 1753 3360 πρύμνην
1788 3283 1929 3345 ἀπο-
