2250 3500
312 136 463 201 3—7]
682 171 691 177 -
892 139 1182 189 ΜΕΔΠΟΜ
1189 142 1226 189 1⁴}
1233 142 1272 187 N
1278 143 1327 190 Η
1333 178 1344 191 .
1818 146 1880 193 28
1887 146 1910 193 l

310 220 569 293 ποταμοῦ
614 218 911 298 θυγατέρα·
992 220 1182 300 γένεος
1221 223 1324 298 μὲν
1365 221 1619 282 τοιούτου
1659 220 1731 299 δή
1766 247 1920 287 τινος

309 305 575 385 γενέσθαι
605 303 706 364 τᾶν
736 307 1067 386 Ταργίταον,
1099 307 1302 367 τούτου
1328 308 1388 367 δὲ
1422 311 1686 389 γενέσθαι
1718 310 1919 375 παῖδας

309 396 472 469 τρεῖς,
514 392 834 462 Λειπόξαῖν,
864 396 957 453 καὶ
995 393 1316 471 Ἀρπόξαϊν,
1360 397 1452 455 καὶ
1491 398 1762 458 νεώτατον
1803 405 1916 457 Κο-

310 480 530 551 λάξαῖν·
572 482 665 539 ε’πὶ
700 480 909 541 τούτων
939 481 1224 561 ἀρχόντων
1263 488 1323 542 ἐκ
1358 487 1458 542 τοῦ
1487 484 1720 561 οὐρανοῦ
1749 485 1914 564 φερό-

308 594 451 645 μενα
495 568 713 647 χρύσεα
755 569 1058 645 ποιήματα,
1100 569 1338 648 ἄροτρόν
1377 596 1440 630 τε
1482 573 1575 629 καὶ
1617 574 1784 653 ζυγὸν
1825 575 1918 633 καὶ

311 654 555 736 σάγαριν
594 658 687 715 καὶ
729 656 960 733 φιάλην,
988 659 1214 718 πεσέειν
1250 663 1306 721 ε’ς
1342 657 1448 734 τῆν
1489 660 1782 735 Σκυθικήν·
1826 662 1918 721 καὶ

307 747 421 803 τῶν
463 743 649 803 ἰδόντα
678 749 909 820 ,πρῶτον
947 745 1048 805 τᾶν
1085 746 1504 821 πρεσβύτατον,
1553 746 1740 807 ἆσσον
1781 748 1917 808 ἰέναι

308 829 663 908 βουλόμενον
703 831 845 891 αὐτοὶ
884 834 1112 909 λαβεῖν·
1173 833 1272 894 τὸν
1312 834 1373 893 δὲ
1410 834 1626 913 χρυσὸν
1667 835 1918 900 ἐπιόντος

310 918 589 978 καίεσθαι·
636 917 1101 998 ἀπαλλαχθέντος
1141 922 1204 981 δὲ
1241 921 1442 982 τούτου
1479 924 1774 1002 προσιέναι
1813 924 1917 985 τὸν

311 1004 582 1084 δεύτερον,
612 1008 705 1065 καὶ
744 1007 844 1067 τόν
885 1007 1039 1071 αὖτις
1070 1008 1248 1069 wirot
1287 1011 1512 1071 ποιέειν·
1552 1010 1684 1076 τούς
1717 1015 1820 1089 μὲν
1846 1012 1916 1089 δή

311 1091 605 1171 καιόμενον
630 1094 733 1154 τὸν
767 1095 985 1173 χρυσόν
1018 1095 1378 1169 ἀπώσασθαι,
1403 1099 1569 1179 τρίτῳ
1595 1100 1655 1159 δὲ
1689 1104 1765 1179 τῷ
1791 1126 1916 1160 νεω-

308 1180 457 1260 τάτῳ
483 1182 777 1243 ἐπελθόντι
806 1186 1184 1260 κατασβῆναι·
1227 1186 1325 1245 καί
1338 1213 1436 1263 μιν
1457 1191 1664 1247 ἐκεῖνον
1685 1189 1917 1265 κομίσαι

310 1272 367 1331 ἐς
398 1272 625 1339 {mm-03,
669 1270 762 1328 καὶ
801 1270 929 1334 τούς
968 1274 1390 1349 πρεσβυτέρους
1429 1273 1738 1350 άδελφεοῦς
1776 1275 1917 1351 πρὸς

308 1359 485 1416 ταῦτα
510 1356 873 1438 συγγνόντας,
893 1358 999 1434 τήν
1018 1360 1336 1435 βασιληίην
1354 1364 1550 1419 πᾶσαν
1575 1362 1916 1436 παραδοῦναι

309 1447 388 1523 τῷ
412 1444 681 1524 νεωτάτῳ.
762 1445 907 1506 'And
960 1449 1065 1523 μὲν
1121 1446 1192 1521 δὴ
1245 1447 1580 1517 Λειποξάῖος
1630 1449 1918 1528 γεγονέναι
1935 1452 1968 1509 6

308 1530 539 1595 τούτους
584 1537 695 1593 τῶν
732 1534 987 1598 Σκυθέων
1019 1532 1075 1592 οἳ
1106 1532 1366 1612 Αὐχάται
1398 1534 1558 1615 γένος
1601 1536 1914 1595 καλέονται·

310 1618 427 1679 εἷπό
468 1620 527 1679 δὲ
566 1624 667 1681 τοῦ
705 1622 887 1696 μέσου
926 1620 1262 1700 Ἀρποξάϊος
1307 1622 1361 1681 οἳ
1408 1624 1688 1700 Κατίαροί
1722 1650 1785 1683 τε
1826 1624 1918 1683 καὶ

311 1707 596 1786 Τράσπιες
648 1709 962 1770 καλέονται·
1016 1708 1130 1770 dm}
1186 1710 1246 1770 δὲ
1284 1714 1386 1772 τοῦ
1425 1711 1698 1772 νεωτάτου
1738 1709 1918 1773 αὐτῶν

312 1796 442 1859 τοῦς
480 1797 774 1872 βασιλῆας
806 1796 861 1856 οἳ
901 1798 1196 1859 καλέονται
1235 1800 1594 1877 Παραλάται·
1649 1799 1914 1877 σύμπασι

313 1883 373 1942 δὲ
401 1883 540 1944 εἶναι
568 1883 779 1962 οὕνομα
806 1884 1138 1955 Σκολότους,
1158 1891 1258 1946 τοῦ
1275 1889 1554 1962 βασιλέος
1581 1889 1910 1964 ἐπωνυμίην·

315 1970 533 2036 Σκύθας
558 1971 619 2030 δὲ
634 1970 915 2048 Ἕλληνες
946 1972 1288 2048 οὖνόμασαν.
1371 1975 1666 2052 Γεγονέναι
1692 1976 1796 2051 μέν
1821 1974 1917 2034 νύν
1935 1975 1970 2035 7

315 2065 500 2134 σφεας
538 2057 643 2118 ὦδε
673 2060 911 2141 λέγουσι
938 2063 992 2119 οἶ
1030 2059 1262 2122 Σκύθαι·
1303 2060 1428 2118 ἔτεα
1455 2061 1518 2118 δέ
1551 2067 1680 2134 σφι,
1710 2063 1835 2123 ἐπεί
1854 2087 1918 2120 τε

311 2146 600 2228 γεγόνασι,
627 2147 701 2206 τά,
736 2147 1041 2223 σι’μπαντα
1066 2147 1306 2227 λέγουσι
1345 2145 1483 2206 εἶναι
1508 2146 1620 2206 οἷπό
1648 2151 1748 2206 τοῦ
1773 2147 1918 2224 πρώ-

312 2259 413 2293 του
453 2236 741 2310 βασιλῆος
781 2234 1097 2316 Ταργιτάου
1140 2240 1194 2297 ἐς
1232 2234 1337 2310 τὴν
1365 2233 1604 2310 Δαρείου
1645 2233 1918 2311 διάβασιν

312 2321 417 2396 τῆν
444 2324 537 2381 ε’πὶ
563 2323 749 2398 σφέας
772 2322 971 2401 χιλίων
997 2321 1061 2381 οὗ
1088 2323 1260 2392 πλέω,
1288 2321 1443 2382 οἷλλσῖ
1471 2326 1741 2382 τοσαῦτα.
1818 2323 1918 2383 τὸν

315 2409 375 2468 δὲ
400 2409 617 2488 χρυσὸν
640 2413 842 2470 τοῦτον
866 2409 965 2470 τόν
998 2410 1117 2488 ἱρόν
1145 2410 1520 2487 φυλάσσουσι
1545 2413 1599 2470 οἱ
1635 2412 1920 2489 βασιλῆες

316 2502 371 2560 ἐς
409 2497 480 2556 τοὶ
516 2497 790 2575 μάλιστα,
819 2499 911 2557 καὶ
950 2498 1184 2577 θυσίῃσι
1222 2498 1512 2581 μεγάλῃσι
1554 2499 1920 2577 ἱλασκόμενοι

314 2585 679 2664 μετέρχονται
704 2585 810 2646 ἀντὶ
834 2590 950 2646 πᾶν
977 2588 1115 2650 ἔτος·
1159 2585 1220 2650 ὃς
1246 2587 1292 2647 δ’
1320 2585 1387 2647 ἂν
1415 2590 1552 2667 ἔχων
1578 2588 1677 2648 τὸν
1702 2588 1922 2666 χρυσόν
1981 2651 1984 2654 ,

314 2671 415 2732 τᾶν
456 2673 575 2750 ἱρόν
608 2678 667 2733 ἐν
704 2677 779 2752 τῇ
818 2673 956 2752 ὁρτῇ
995 2673 1289 2752 ὖπαίθριος
1329 2676 1729 2750 κατακοιμηθῇ,
1759 2673 1921 2738 οὗτος

315 2760 543 2841 λέγεται
574 2759 685 2820 find
728 2762 983 2826 Σκυθέων
1021 2761 1085 2821 οὗ
1131 2762 1521 2831 διενιαυτίζειν·
1563 2760 1819 2819 δίδοσθαι
1859 2761 1925 2820 δέ

317 2850 372 2906 οἱ
398 2847 489 2907 διαὶ
520 2851 687 2908 τοῦτο
720 2848 834 2908 ὅσα
865 2847 933 2908 ἂν
968 2849 1115 2928 ἵππῳ
1149 2854 1208 2908 ἐν
1245 2847 1428 2925 ἦμέρῃ
1467 2849 1571 2926 μιῇ
1609 2847 1922 2926 περιελάσῃ

317 2934 503 2998 αὐτός’
570 2941 673 3012 τῆς
720 2937 779 2995 δὲ
825 2935 1007 3015 χώρης
1054 2935 1258 3010 εὀύσης
1303 2934 1571 3015 μεγάλης,
1616 2929 1924 3010 τριφασίας

314 3022 417 3086 τοὶς
440 3024 755 3099 βασιληίας
780 3029 933 3083 τοῖσι
958 3024 1125 3083 παισὶ
1152 3021 1305 3082 τοῖσι
1332 3024 1532 3081 ἑωυτοῦ
1568 3021 1922 3096 καταστήσα-

318 3111 458 3169 σθαι
485 3109 794 3184 Κολάξαῖν,
824 3111 917 3169 καὶ
949 3110 1187 3170 τουτέων
1210 3109 1346 3187 μίαν
1384 3109 1660 3189 μεγίστην
1684 3113 1924 3184 ποιῆσαι

319 3201 379 3256 ἐν
403 3201 475 3276 τῇ
510 3197 611 3258 τόν
643 3198 862 3277 χρυσόν
902 3196 1330 3272 φυλάσσεσθαι.
1409 3195 1483 3255 τοὶ
1524 3194 1584 3253 δὲ
1611 3195 1920 3273 κατύπερθε

316 3285 461 3362 πρός
509 3287 695 3362 βορῆν
747 3286 985 3366 λέγουσι
1044 3283 1250 3359 ἄνεμον
1299 3285 1410 3342 τῶν
1463 3282 1770 3359 ὖπεροίκων
1820 3288 1922 3359 τῆς
