2250 3500
387 105 484 154 318
1003 105 1372 155 ἪΡοΔοτοα·
1856 101 1972 166 [tv

392 183 551 247 εἶναι·
588 183 974 261 αἰτιησάμενοι
1004 184 1065 244 δὲ
1101 188 1316 254 τοῦτον,
1342 181 1526 242 ἄλλον
1558 181 1992 258 ἀποπέμπουσι·

392 271 744 334 ἐντέλλονται
769 270 829 331 δὲ
854 272 936 332 ἔτι
960 271 1141 342 ζῶντι.
1199 267 1354 330 οὗτοι
1377 272 1432 328 οἶ
1458 266 1615 328 αὐτοὶ
1630 270 1866 346 Θρήϊκες
1891 297 1996 331 και

390 358 530 436 πρός
552 357 801 434 βροντήν
823 383 887 418 τε
913 359 1005 416 καὶ
1041 356 1338 434 ἀστραπὴν
1363 355 1678 425 τοξεύοντες
1708 355 1818 415 ἅνω
1844 359 1996 435 πρὸς

390 446 490 506 τόν
520 444 769 523 οὗρανόν,
812 444 1106 505 άπειλεῦσι
1143 448 1222 524 τῷ
1263 446 1384 523 θεῷ,
1414 443 1610 503 οὐδένα
1641 442 1822 504 ἄλλον
1855 445 1996 505 θεᾶν

300 538 374 593 95
392 533 702 610 νομίζοντες
740 532 883 613 εἶναι
919 536 969 592 εἰ
1006 532 1088 610 μὴ
1124 531 1227 592 τόν
1264 531 1563 608 σφέτερον.
1643 530 1740 594 Ὡς
1775 531 1836 591 δὲ
1877 533 1996 612 ε’γῶ

392 618 739 697 πυνθάνομαι
775 625 886 680 τῶν
922 618 1024 680 τᾶν
1054 617 1489 694 Ἑλλήσποντον
1529 617 1814 679 οἰκεόντων
1852 619 1992 678 Ἑλ-

392 707 575 784 λήνων
624 709 719 768 καὶ
776 707 1013 777 Πόντον,
1066 705 1167 768 τᾶν
1233 705 1518 782 Ζάλμοξιν
1568 709 1767 788 τοῦτον
1818 704 1993 767 ε’όντα

392 795 680 872 ἄνθρωπον
704 795 1004 856 δουλεῦσαι
1039 797 1098 854 ἐν
1135 791 1327 873 Σάμῳ·
1368 793 1670 852 δουλεῦσαι
1695 793 1756 852 δὲ
1791 794 1990 854 Πυθα-

390 883 535 964 γόρῃ
558 886 637 963 τῷ
670 881 1041 963 Μνησάρχου·
1084 883 1335 942 ε’νθεῦτεν
1373 879 1435 940 δὲ
1465 879 1651 951 αὐτὸν,
1683 880 1991 962 γενόμενον

396 971 701 1047 ἐλεύθερον,
736 970 1001 1049 χρήματα
1040 968 1362 1052 κτήσασθαι
1401 968 1604 1047 συχνά,
1633 970 1990 1053 κτησάμενον

393 1057 453 1116 δὲ
487 1055 753 1118 ἀπελθεῖν
794 1063 849 1120 ἐς
888 1056 995 1133 τὴν
1036 1061 1257 1118 εωυτοΰ·
1323 1055 1423 1118 ἅτε
1475 1056 1536 1115 δὲ
1589 1058 1870 1133 κακοβίων
1921 1083 1991 1118 τε

394 1143 590 1204 ἐόντων
654 1146 767 1205 τῶν
830 1143 1081 1221 Θρηικων
1139 1144 1233 1204 καὶ
1295 1143 1818 1226 ὕπαφρονεστέρων,
1881 1171 1991 1206 τον

394 1219 677 1309 Ζάλμοξιν
714 1234 915 1293 τοῦτον
944 1234 1317 1309 ἐπιστάμενον
1355 1229 1571 1291 δίαιτάν
1608 1256 1670 1290 τε
1694 1230 1850 1290 Ἰάδα
1891 1235 1992 1292 καὶ

391 1319 533 1395 ἤθεα
584 1316 947 1398 βαθύτερα
910 1345 948 1395 η
989 1319 1132 1379 κατὰ
1183 1317 1444 1396 Θρήϊκας,
1487 1318 1579 1378 οἷα
1620 1317 1885 1394 Ελλησί
1925 1346 1993 1380 τε

391 1400 748 1486 ομιλήσαντα
815 1408 908 1467 καὶ
970 1405 1261 1482 Ἑλλήνων
1327 1403 1392 1464 οὖ
1453 1409 1532 1484 τῷ
1595 1403 1991 1488 α’σθενεστάτω

396 1500 655 1575 σοφιστῇ
680 1494 1006 1578 Πυθαγόρῃ,
1039 1493 1572 1554 κατασκευάσασθαι
1607 1491 1961 1574 α’νδρεῶνα,’
1933 1522 1990 1559 ες

390 1583 491 1644 τόν
539 1582 949 1643 πανδοκεύοντα
995 1585 1107 1641 τῶν
1165 1579 1352 1641 α’στῶν
1401 1578 1555 1664 τούς.
1587 1583 1842 1656 πρῶτους
1892 1584 1988 1642 καὶ

392 1668 711 1748 εὐωχέοντα,
769 1667 1154 1728 ἀναδιδάσκειν
1221 1667 1292 1732 ὥς
1355 1692 1482 1728 ουτε
1531 1666 1700 1730 αὐτός
1749 1666 1878 1727 οὔτε
1931 1673 1992 1730 οἱ

391 1757 675 1833 συμπόται
726 1754 899 1815 αυτοῦ
939 1781 1067 1815 ουτε
1107 1759 1163 1815 οἶ
1203 1760 1264 1815 ἐκ
1302 1754 1511 1816 τούτων
1557 1756 1664 1815 αἰεὶ
1702 1755 1988 1835 γινόμενοι

386 1836 806 1911 ἀποθανέονται,
833 1839 966 1901 ἀλλ’
1000 1842 1202 1917 ἥξουσι
1239 1848 1294 1907 ἐς
1323 1848 1507 1922 χῶρον
1531 1846 1732 1902 τοῦτον
1759 1844 1848 1902 ἵνα
1875 1846 1988 1906 αἰεὶ

387 1928 695 2007 περιεόντες
736 1929 925 1999 ἕξουσι
961 1955 1033 1990 τα
1074 1929 1258 1990 πάντα
1297 1929 1501 2011 ἀγαθά·
1545 1936 1604 1990 ἐν
1629 1928 1673 2008 ᾧ
1707 1930 1824 1989 δὲ’
1799 1934 1986 1993 εποίεε

391 2017 465 2078 τοὶ
503 2018 917 2099 καταλεχθέντα
956 2019 1049 2077 καὶ
1089 2019 1249 2099 ἔλεγε
1287 2022 1482 2088 ταῦτα,
1517 2023 1576 2078 ἐν
1605 2017 1783 2096 τούτω
1817 2020 1983 2079 κατά-

386 2132 548 2192 γαιον
578 2108 783 2184 οικημα
818 2100 1082 2167 ἐποιέετο·
1125 2131 1198 2169 ως
1237 2106 1300 2165 δέ
1339 2110 1393 2165 οἱ
1431 2107 1745 2169 παντελέως
1772 2105 1889 2185 εἶχε
1913 2133 1982 2168 το

390 2196 611 2272 οἴκημα,
646 2200 705 2255 ἐκ
739 2220 845 2270 μεν
878 2198 989 2255 τῶν
1024 2192 1275 2270 Θρηικων
1299 2192 1611 2269 ἠφανίσθη,
1641 2193 1897 2269 καταβάς
1923 2195 1986 2255 δὲ

390 2282 535 2342 κάτω
564 2286 617 2345 ἐς
640 2282 709 2342 τὸ
736 2281 1035 2362 κατάγαιον
1062 2281 1268 2358 οἴκημα
1299 2282 1599 2341 &am-&0⁹
1573 2279 1656 2339 επ’
1685 2281 1810 2341 ἔτεα
1831 2285 1984 2358 τρία·

393 2372 447 2427 οἶ
488 2368 551 2427 δέ
592 2363 689 2444 μιν
733 2368 967 2429 ἐπόθεόν
1005 2393 1069 2428 τε
1121 2369 1214 2427 καὶ
1261 2368 1550 2429 ἐπένθεον·
1571 2394 1646 2432 ως
1689 2368 1984 2429 τεθνεῶτα·

386 2453 625 2532 τετάρτω
677 2454 737 2513 δὲ
796 2456 902 2514 ἔτεϊ
961 2456 1140 2531 ἐφάνη
1200 2459 1354 2516 τοῖσι
1412 2455 1629 2531 Θρήῖξι·
1697 2456 1792 2514 καὶ
1841 2456 1988 2518 οὕτω

389 2540 598 2601 πιθανά
637 2545 751 2616 σφι
789 2542 1006 2622 εγένετο
1044 2542 1117 2601 τοὶ
1159 2542 1316 2623 ἔλεγε
1348 2541 1380 2601 ὄ
1425 2533 1724 2618 Ζάλμοξις.
1806 2544 1988 2605 ταῦτά

298 2629 371 2688 96
390 2624 543 2716 φασί
563 2653 659 2704 μιν
682 2632 939 2704 ποιῆσαι·
977 2626 1125 2709 Ἐγώ
1154 2630 1212 2689 δὲ
1238 2630 1366 2706 περὶ
1403 2632 1508 2706 μὲν
1538 2629 1738 2689 τούτου
1766 2630 1859 2689 καὶ
1883 2637 1988 2692 τοῦ

391 2717 691 2797 καταγαίου
718 2715 1014 2793 οἰκήματος
1042 2716 1169 2777 οὔτε
1197 2716 1444 2776 ἀπιστέω
1477 2714 1604 2777 οὔτε
1637 2714 1711 2776 ὧν
1736 2742 1988 2778 πιστευω

386 2828 444 2861 τι
488 2804 636 2879 λίην·
704 2803 873 2863 δοκέω
925 2803 985 2862 δὲ
1030 2807 1310 2863 πολλοῖσι
1361 2829 1514 2865 ετεσι
1557 2802 1830 2880 πρότερον
1883 2804 1988 2865 τὸν

388 2889 671 2966 Ζάλμοξιν
733 2894 931 2951 τοῦτον
993 2891 1258 2971 γενέσθαι
1311 2890 1675 2971 Πυθαγόρεω.
1758 2891 1868 2949 εἴτε
1922 2892 1988 2951 δὲ

392 2974 607 3054 ἐγένετό
630 3000 714 3039 τις
740 2976 1022 3052 Ζάλμοξις
1056 2976 1360 3053 ἅνθρωπος,
1389 2976 1484 3037 εἶτ’
1513 2978 1637 3036 ἐστὶ
1664 2976 1876 3053 δαίμων
1899 3002 1986 3042 τις

388 3061 594 3137 Γέτῃσι
647 3059 808 3124 οὗτος
862 3061 1036 3141 ἐπιχά
1029 3088 1170 3139 ριος,
1223 3064 1482 3141 χαιρέτω.
1565 3088 1720 3123 ουτοι
1767 3065 1872 3139 μὲν
1913 3064 1984 3141 δὴ

383 3144 573 3221 τρόπω
637 3146 869 3225 τοιούτω·
930 3148 1252 3253 χρεώμενοι,
1305 3150 1378 3213 αἷς
1431 3149 1808 3231 ἐχειρώθησαν
1871 3176 1986 3211 υπο

385 3230 669 3301 Περσέων,
698 3231 923 3291 εἵποντο
944 3238 1022 3311 τῷ
1046 3233 1207 3292 αλλω
1231 3242 1475 3317 στρατῶ.
