2250 3500
359 93 422 146 76
971 90 1341 142 ἭΡοΔοτοτ·
1736 95 1742 100 ·
1892 85 1963 151 [1.

359 170 752 234 κατασκόπους
783 175 894 232 τῶν
922 197 986 232 τε
1021 169 1216 247 Κύρου
1246 167 1589 251 πρηγμάτων
1620 167 1714 227 καὶ
1737 165 1965 243 Ἰωνίης·

361 258 690 336 ἀπικόμενοι
724 259 786 318 δὲ
817 255 970 319 οὗτοι
1003 263 1058 322 ἐς
1091 257 1367 328 Φιύκαιαν,
1398 258 1646 333 ἔπεμπον
1672 259 1729 318 ἐς
1765 253 1967 331 Σάρδις

361 346 556 422 σφέων
597 346 776 406 αὐτῶν
813 346 912 407 τᾶν
951 345 1346 423 δοκιμώτατον,
1378 349 1455 422 τῷ
1496 342 1706 421 οὕνομα
1743 342 1814 418 ἦν
1850 350 1967 403 Λα-

363 434 566 511 κρίνης,
594 427 902 512 ἀπερέοντα
927 433 1096 514 Κύρῳ
1121 431 1573 510 Λακεδαιμονίων
1597 435 1782 509 ῥῆσιν,
1811 440 1846 465 “
1860 436 1969 512 γῆς

361 525 464 596 τῆς
486 521 764 586 Ἑλλάδος
788 523 1064 600 μηδεμίαν
1089 521 1263 581 πόλιν
1287 520 1665 597 σιναμωρέειν,
1696 517 1767 582 ὥς
1788 518 1969 580 αὐτῶν

245 609 385 670 ’153
406 608 470 669 ού
509 609 980 688 περιοψομένων.”
1047 614 1239 670 Ταῦτα
1279 609 1528 672 εἰπόντος
1570 611 1671 668 τοῦ
1712 606 1967 684 κήρυκος,

349 698 589 780 ’λέγεται
624 704 817 777 Κῦρον
849 699 1171 776 ἐπείρεσθαι
1194 697 1325 762 τοῦς
1348 695 1657 775 παρεόντας
1681 699 1735 755 οἱ
1756 695 1970 772 Ἑλλή-

361 811 469 847 νων
495 797 530 822 “
544 787 688 850 τίνες
714 787 894 850 ἐόντες
929 786 1213 864 ἅνθρωποι
1238 783 1665 862 Λακεδαιμόνιοι
1686 784 1779 843 καὶ
1804 782 1971 845 κόσοι

360 876 599 950 πλῆθος,
614 879 792 936 ταῦτα
817 879 994 954 ἑωυτῷ
1017 873 1465 956 προαγορεύουσι
1474 872 1521 942 ;”
1554 871 1971 949 πυνθανόμενον

363 961 428 1021 δέ
448 974 546 1039 μιν
572 966 745 1023 εἰπεῖν
768 961 909 1040 πρὸς
932 962 1032 1023 τὸν
1059 961 1273 1040 κήρυκα
1294 961 1396 1023 τόν
1422 959 1798 1038 Σπαρτιήτην·
1824 961 1971 1022 “ούκ

366 1049 554 1109 ἔδεισά
575 1075 652 1108 κω
672 1048 873 1126 ἄνδρας
895 1049 1197 1122 τοιούτους,
1212 1054 1367 1110 τοῖσι
1389 1049 1513 1109 ἐστὶ
1531 1053 1714 1128 χῶρος
1738 1053 1797 1109 ἐν
1813 1049 1971 1128 μέσῃ

361 1141 435 1216 τῇ
459 1136 626 1197 πόλει
651 1136 1159 1220 ἀποδεδεγμένος,’
1133 1164 1189 1202 ες
1218 1137 1317 1198 τόν
1342 1135 1757 1218 συλλεγόμενοι
1790 1136 1971 1214 ἀλλή·

366 1224 560 1288 λους’
527 1228 792 1302 ομοΰντες
821 1226 1163 1296 ἐξαπατῶσι·
1204 1229 1375 1298 τοῖσι,
1402 1223 1473 1302 ἢν
1500 1225 1609 1307 ἐγω
1633 1224 1875 1308 ὑγιαίνω,
1902 1252 1969 1286 ov

364 1311 438 1373 τά
465 1311 663 1375 Ἰωνων
695 1313 951 1375 πάθεα*
923 1341 1082 1374 εσται
1121 1315 1393 1393 ἔλλεσχιη
1431 1311 1586 1373 ἀλλά
1622 1313 1697 1373 τά
1734 1311 1971 1389 οἰκήῖα.”

364 1405 542 1463 ταῦτα
581 1407 636 1466 ἐς
673 1428 805 1466 τους
843 1402 1055 1467 πάντας
1082 1401 1373 1478 Ἕλληνας
1407 1400 1680 1480 ἀπέρριψε
1720 1401 1752 1461 ὁ
1784 1406 1971 1479 Κῦρος

364 1489 438 1548 τοὶ
479 1491 628 1561 ἔπεα,
663 1489 752 1551 ὅτι
791 1490 1001 1572 α’γοράς
1035 1489 1375 1569 κτησάμενοι
1412 1487 1525 1569 ὠνῇ
1550 1515 1612 1549 τε
1638 1490 1732 1550 καὶ
1762 1489 1972 1567 πρήσει

362 1579 653 1655 χρέωνται·
682 1577 843 1639 αὐτοὶ
860 1578 972 1659 γὰρ
999 1583 1053 1638 οἱ
1079 1579 1305 1657 Πέρσαι
1323 1577 1569 1660 ἀγορῇσι
1588 1576 1746 1638 οῦδὲν
1762 1577 1972 1639 ἐώθασι

363 1667 635 1742 χρῆσθαι,
679 1665 809 1725 οὗδέ
844 1667 963 1742 σφί
997 1671 1122 1727 ἐστι
1156 1666 1222 1726 τό
1255 1666 1525 1744 παράπαν
1563 1664 1762 1747 ἀγορή.
1827 1665 1972 1743 μετὰ.

365 1757 545 1813 ταῦτα
572 1755 870 1833 ἐπιτρέψας
894 1754 997 1819 τάς
1021 1758 1124 1833 μὲν
1143 1755 1347 1833 Σάρδις
1370 1753 1622 1834 Ταβάλῳ
1648 1754 1805 1834 ἀνδρὶ
1826 1756 1969 1833 Πέρ·

369 1866 466 1921 σῃ,
483 1842 582 1902 τόν
608 1842 668 1901 δὲ
691 1843 907 1922 χρυσόν
930 1843 1030 1904 τόν
1044 1869 1108 1904 τε
1136 1846 1391 1923 Κροίσου
1418 1845 1512 1904 καὶ
1535 1843 1637 1904 τᾶν
1654 1848 1766 1903 τῶν
1780 1843 1974 1904 ἄλλων

368 1930 565 1990 Λυδῶν
585 1930 818 2011 Πακτύῃ
845 1930 1002 2010 ἀνδρὶ
1027 1932 1191 2011 Λυδῷ
1216 1934 1475 2010 κομίζειν,
1492 1930 1783 2009 ἀπήλαυνε
1807 1930 1973 1996 αύτὸς

371 2022 428 2082 ἐς
449 2016 798 2100 ῘΑγβάτανα,
817 2020 1070 2098 Κροῖσόν
1083 2046 1147 2082 τε
1167 2019 1285 2097 ἅμα
1306 2019 1579 2101 ἀγόμενος
1598 2020 1691 2079 καὶ
1707 2019 1837 2083 τοῦς
1850 2018 1971 2080 Ἴω-

369 2133 468 2171 νας
488 2114 547 2168 ἐν
562 2108 738 2169 οὐδενὶ
753 2109 908 2190 λόγῳ
921 2108 1303 2186 ποιησάμενος
1318 2108 1422 2184 τὴν
1435 2107 1660 2185 πρώτην
1676 2106 1832 2168 εἶναι·
1857 2106 1897 2184 ἥ
1910 2134 1974 2169 τε

367 2222 480 2307 γαρ
507 2197 790 2274 Βαβυλών
813 2202 871 2257 οἱ
893 2196 964 2273 ἦν
991 2196 1268 2275 ἐμπόδιος,
1300 2198 1393 2255 καὶ
1410 2195 1475 2255 τὸ
1498 2196 1774 2274 Βάκτριον
1798 2196 1972 2289 ἔθνοςέ

373 2309 466 2343 και
444 2284 660 2349 Σάκαι
674 2310 736 2344 τε
757 2286 851 2344 καὶ
866 2285 1184 2395 Αἰγύπτιοι·
1203 2283 1286 2343 ἐπ’
1304 2310 1399 2346 ους
1420 2285 1635 2363 ἐπείχεε
1654 2288 1977 2362 στρατηλα-

371 2371 514 2430 τέειν
539 2371 718 2441 αύτός,
749 2373 842 2431 ἐπὶ
869 2372 928 2431 δὲ
944 2371 1139 2435 Ἴωνας
1164 2370 1345 2433 ἄλλον
1369 2372 1609 2448 πέμπειν
1634 2371 1974 2453 στρατηγόν.

281 2458 398 2516 154
494 2458 592 2523 Ὡς
631 2458 691 2517 δὲ
729 2458 998 2535 ἀπήλασε
1030 2459 1062 2519 ὅ
1096 2464 1286 2538 Κῦρος
1322 2464 1383 2519 ἐκ
1412 2462 1523 2519 τῶν
1555 2460 1818 2536 Σαρδίων,
1845 2458 1979 2523 τοῦς

373 2545 589 2611 Λυδοῧς
628 2546 920 2623 ἀπέστησε
951 2547 986 2607 ὅ
1024 2547 1289 2624 Πακτύης
1326 2546 1439 2607 ἀπό
1473 2572 1537 2607 τε
1569 2546 1846 2624 Ταβάλου
1881 2548 1978 2606 καὶ

377 2636 588 2714 Κύρου·
631 2636 887 2713 καταβὰς
920 2636 981 2696 δὲ
1013 2638 1106 2697 ἐπὶ
1143 2635 1465 2707 θάλασσαν,
1499 2633 1600 2696 ἅτε
1634 2634 1733 2695 τόν
1758 2634 1981 2714 χρυσόν

375 2727 512 2806 ἔχων
538 2724 720 2786 πάντα
753 2724 853 2785 τόν
879 2729 940 2784 ἐκ
973 2729 1084 2785 τῶν
1115 2724 1379 2802 Σαρδίων,
1410 2722 1730 2801 ἐπικούρους
1765 2749 1828 2783 τε
1860 2729 1980 2800 ἐμι-

375 2815 586 2874 σθοῧτο
627 2814 720 2872 καὶ
758 2811 888 2876 τούς
929 2812 1375 2875 ἐπιθαλασσίους
1424 2810 1748 2889 ἀνθρώπους
1792 2812 1983 2873 ἔπειθε

381 2899 488 2960 σῦν
515 2903 691 2980 ἑωυτῷ
721 2900 1149 2977 στρατεύεσθαι·
1194 2898 1406 2962 ἐλάσας
1438 2900 1497 2959 δὲ
1530 2900 1623 2958 ἐπὶ
1646 2898 1747 2962 τοῖς
1775 2897 1983 2976 Σάρδις

380 2987 701 3066 ἐπολιόρκεε
739 2987 1014 3064 Τάβαλον
1053 2986 1403 3068 ἀπεργμένον
1444 2992 1503 3048 ἐν
1539 2991 1613 3065 τῇ
1651 2986 1982 3063 ἀκροπόλει.

292 3074 403 3133 155
423 3074 747 3151 Πυθόμενος
783 3075 843 3135 δὲ
875 3073 992 3133 κατ’
1026 3072 1159 3133 ὁδόν
1192 3078 1368 3149 ταῦτα
1399 3074 1430 3133 ὁ
1462 3079 1666 3152 Κῦρος,
1696 3074 1816 3135 εἶπε
1840 3074 1986 3153 πρός

385 3163 640 3234 Κροῖσον
683 3160 836 3222 τάδε·
899 3170 935 3196 “
951 3164 1188 3237 Κροῖσε,
1229 3162 1291 3220 τί
1338 3162 1498 3221 ἔσται
1541 3162 1607 3223 τό
1658 3163 1825 3226 τέλος
1868 3166 1987 3224 τῶν

385 3245 684 3322 γινομένων
719 3247 928 3309 τούτων
977 3247 1139 3323 ἐμοῖς
1196 3245 1263 3307 οὗ
1305 3246 1618 3309 παύσονται
1666 3249 1857 3320 Λυδοὶ,
1909 3250 1990 3316 ὥς
