<?xml version="1.0" encoding="UTF-8"?>
<!DOCTYPE html PUBLIC "-//W3C//DTD XHTML 1.0 Transitional//EN"
    "http://www.w3.org/TR/xhtml1/DTD/xhtml1-transitional.dtd">
<html xmlns="http://www.w3.org/1999/xhtml" xml:lang="en" lang="en">
 <head>
  <title>
</title>
<meta http-equiv="Content-Type" content="text/html;charset=utf-8" />
  <meta name='ocr-system' content='tesseract 3.04.00' />
  <meta name='ocr-capabilities' content='ocr_page ocr_carea ocr_par ocr_line ocrx_word'/>
</head>
<body>
  <div class='ocr_page' id='page_1' title='image "./herodotus04blakgoog_0064.png"; bbox 0 0 2250 3500; ppageno 0'>
   <div class='ocr_carea' id='block_1_1' title="bbox 327 111 1939 634">
    <p class='ocr_par' dir='ltr' id='par_1_1' title="bbox 327 111 1939 634">
     <span class='ocr_line' id='line_1_1' title="bbox 327 111 1931 176; baseline 0 -14"><span class='ocrx_word' id='word_1_1' title='bbox 327 113 394 162; x_wconf 81' lang='grc'>46</span> <span class='ocrx_word' id='word_1_2' title='bbox 948 112 1315 162; x_wconf 73' lang='grc' dir='ltr'>ἨΡΟΔΟΤΟΤ</span> <span class='ocrx_word' id='word_1_3' title='bbox 1834 111 1931 176; x_wconf 83' lang='grc' dir='ltr'>[Ῑ.</span> 
     </span>
     <span class='ocr_line' id='line_1_2' title="bbox 329 188 1936 270; baseline 0 -20"><span class='ocrx_word' id='word_1_4' title='bbox 329 191 423 250; x_wconf 80' lang='grc' dir='ltr'>ἐπὶ</span> <span class='ocrx_word' id='word_1_5' title='bbox 449 194 550 250; x_wconf 81' lang='grc' dir='ltr'>τοῦ</span> <span class='ocrx_word' id='word_1_6' title='bbox 575 193 712 267; x_wconf 73' lang='grc' dir='ltr'>νηοῦ</span> <span class='ocrx_word' id='word_1_7' title='bbox 734 217 836 252; x_wconf 86' lang='grc' dir='ltr'>τον</span> <span class='ocrx_word' id='word_1_8' title='bbox 857 190 1022 252; x_wconf 79' lang='grc' dir='ltr'>οὗδὸν</span> <span class='ocrx_word' id='word_1_9' title='bbox 1041 195 1271 268; x_wconf 78' lang='grc' dir='ltr'>εἰρωτᾶν</span> <span class='ocrx_word' id='word_1_10' title='bbox 1290 194 1341 251; x_wconf 78' lang='grc' dir='ltr'>εἰ</span> <span class='ocrx_word' id='word_1_11' title='bbox 1364 189 1435 260; x_wconf 65' lang='grc' dir='ltr'>οὔ</span> <span class='ocrx_word' id='word_1_12' title='bbox 1448 214 1513 254; x_wconf 91' lang='grc' dir='ltr'>τι</span> <span class='ocrx_word' id='word_1_13' title='bbox 1540 188 1936 270; x_wconf 84' lang='grc' dir='ltr'>ἐπαισχυνεται</span> 
     </span>
     <span class='ocr_line' id='line_1_3' title="bbox 327 277 1937 358; baseline 0 -22"><span class='ocrx_word' id='word_1_14' title='bbox 327 281 483 337; x_wconf 82' lang='grc' dir='ltr'>τοῖσι</span> <span class='ocrx_word' id='word_1_15' title='bbox 512 279 836 355; x_wconf 67' lang='grc' dir='ltr'>μαντηίοισι</span> <span class='ocrx_word' id='word_1_16' title='bbox 873 278 1080 358; x_wconf 88' lang='grc' dir='ltr'>ἐπάρας</span> <span class='ocrx_word' id='word_1_17' title='bbox 1117 283 1374 355; x_wconf 84' lang='grc' dir='ltr'>Κροῖσον</span> <span class='ocrx_word' id='word_1_18' title='bbox 1404 277 1868 355; x_wconf 67' lang='grc' dir='ltr'>στρατεύεσθαιῇ</span> <span class='ocrx_word' id='word_1_19' title='bbox 1844 278 1937 338; x_wconf 87' lang='grc' dir='ltr'>επὶ</span> 
     </span>
     <span class='ocr_line' id='line_1_4' title="bbox 329 363 1939 443; baseline 0 -19"><span class='ocrx_word' id='word_1_20' title='bbox 329 366 560 440; x_wconf 84' lang='grc' dir='ltr'>Πέρσας</span> <span class='ocrx_word' id='word_1_21' title='bbox 586 365 658 428; x_wconf 77' lang='grc' dir='ltr'>ὦς</span> <span class='ocrx_word' id='word_1_22' title='bbox 686 367 1118 428; x_wconf 80' lang='grc' dir='ltr'>καταπαύσοντα</span> <span class='ocrx_word' id='word_1_23' title='bbox 1142 366 1245 442; x_wconf 78' lang='grc' dir='ltr'>τὴν</span> <span class='ocrx_word' id='word_1_24' title='bbox 1272 366 1465 443; x_wconf 77' lang='grc' dir='ltr'>Κύρου</span> <span class='ocrx_word' id='word_1_25' title='bbox 1492 364 1723 442; x_wconf 79' lang='grc' dir='ltr'>δύναμιν</span> <span class='ocrx_word' id='word_1_26' title='bbox 1748 365 1843 424; x_wconf 72' lang='grc' dir='ltr'>ἀπ’</span> <span class='ocrx_word' id='word_1_27' title='bbox 1867 363 1939 442; x_wconf 78' lang='grc' dir='ltr'>ἧς</span> 
     </span>
     <span class='ocr_line' id='line_1_5' title="bbox 330 453 1933 538; baseline 0.001 -27"><span class='ocrx_word' id='word_1_28' title='bbox 330 456 385 512; x_wconf 81' lang='grc' dir='ltr'>οἶ</span> <span class='ocrx_word' id='word_1_29' title='bbox 403 453 704 529; x_wconf 78' lang='grc' dir='ltr'>ἀκροθίνια</span> <span class='ocrx_word' id='word_1_30' title='bbox 716 460 948 517; x_wconf 83' lang='grc' dir='ltr'>τοιαῦτα</span> <span class='ocrx_word' id='word_1_31' title='bbox 965 456 1256 538; x_wconf 83' lang='grc' dir='ltr'>γενέσθαι;</span> <span class='ocrx_word' id='word_1_32' title='bbox 1290 453 1600 518; x_wconf 80' lang='grc' dir='ltr'>δεικνύντας</span> <span class='ocrx_word' id='word_1_33' title='bbox 1619 453 1721 517; x_wconf 74' lang='grc' dir='ltr'>τας</span> <span class='ocrx_word' id='word_1_34' title='bbox 1745 455 1933 525; x_wconf 83' lang='grc' dir='ltr'>πέδας,</span> 
     </span>
     <span class='ocr_line' id='line_1_6' title="bbox 327 540 1936 634; baseline 0.004 -35"><span class='ocrx_word' id='word_1_35' title='bbox 327 541 506 601; x_wconf 82' lang='grc' dir='ltr'>ταῦτα’,</span> <span class='ocrx_word' id='word_1_36' title='bbox 542 566 605 602; x_wconf 88' lang='grc' dir='ltr'>τε</span> <span class='ocrx_word' id='word_1_37' title='bbox 645 547 943 621; x_wconf 76' lang='grc' dir='ltr'>ἐπειρωτᾶν</span> <span class='ocrx_word' id='word_1_38' title='bbox 982 544 1074 634; x_wconf 80' lang='grc' dir='ltr'>καὶ</span> <span class='ocrx_word' id='word_1_39' title='bbox 1112 547 1161 603; x_wconf 85' lang='grc' dir='ltr'>εἶ</span> <span class='ocrx_word' id='word_1_40' title='bbox 1196 541 1562 621; x_wconf 75' lang='grc' dir='ltr'>ἀχαρίστοισι</span> <span class='ocrx_word' id='word_1_41' title='bbox 1596 540 1766 616; x_wconf 86' lang='grc' dir='ltr'>νόμος</span> <span class='ocrx_word' id='word_1_42' title='bbox 1796 543 1936 606; x_wconf 74' lang='grc' dir='ltr'>εἶναι</span> 
     </span>
    </p>
   </div>
   <div class='ocr_carea' id='block_1_2' title="bbox 233 628 1936 714">
    <p class='ocr_par' dir='ltr' id='par_1_2' title="bbox 233 628 1936 714">
     <span class='ocr_line' id='line_1_7' title="bbox 233 628 1936 714; baseline 0.001 -26"><span class='ocrx_word' id='word_1_43' title='bbox 233 631 306 688; x_wconf 90' lang='grc'>91</span> <span class='ocrx_word' id='word_1_44' title='bbox 326 632 483 690; x_wconf 84' lang='grc' dir='ltr'>τοῖσι</span> <span class='ocrx_word' id='word_1_45' title='bbox 519 628 911 714; x_wconf 70' lang='grc' dir='ltr'>Ἑλληνικοῖσι</span> <span class='ocrx_word' id='word_1_46' title='bbox 951 631 1169 700; x_wconf 77' lang='grc' dir='ltr'>θεοῖσις</span> <span class='ocrx_word' id='word_1_47' title='bbox 1223 629 1645 707; x_wconf 84' lang='grc' dir='ltr'>Ἀπικομένοισι</span> <span class='ocrx_word' id='word_1_48' title='bbox 1684 629 1744 688; x_wconf 82' lang='grc' dir='ltr'>δὲ</span> <span class='ocrx_word' id='word_1_49' title='bbox 1780 632 1936 690; x_wconf 82' lang='grc' dir='ltr'>τοῖσι</span> 
     </span>
    </p>
   </div>
   <div class='ocr_carea' id='block_1_3' title="bbox 319 715 1937 2905">
    <p class='ocr_par' dir='ltr' id='par_1_3' title="bbox 319 715 1937 2905">
     <span class='ocr_line' id='line_1_8' title="bbox 329 715 1937 800; baseline 0 -24"><span class='ocrx_word' id='word_1_50' title='bbox 329 717 569 778; x_wconf 81' lang='grc' dir='ltr'>Λυδοῖσι</span> <span class='ocrx_word' id='word_1_51' title='bbox 618 719 710 778; x_wconf 81' lang='grc' dir='ltr'>καὶ</span> <span class='ocrx_word' id='word_1_52' title='bbox 756 719 994 800; x_wconf 88' lang='grc' dir='ltr'>λέγουσι</span> <span class='ocrx_word' id='word_1_53' title='bbox 1035 719 1108 779; x_wconf 84' lang='grc' dir='ltr'>τοὶ</span> <span class='ocrx_word' id='word_1_54' title='bbox 1156 719 1524 796; x_wconf 76' lang='grc' dir='ltr'>ἐντεταλμένα</span> <span class='ocrx_word' id='word_1_55' title='bbox 1569 715 1675 794; x_wconf 78' lang='grc' dir='ltr'>τήν</span> <span class='ocrx_word' id='word_1_56' title='bbox 1714 718 1937 794; x_wconf 85' lang='grc' dir='ltr'>Πυθίην</span> 
     </span>
     <span class='ocr_line' id='line_1_9' title="bbox 328 805 1935 887; baseline 0.001 -22"><span class='ocrx_word' id='word_1_57' title='bbox 328 805 556 887; x_wconf 88' lang='grc' dir='ltr'>λέγεται</span> <span class='ocrx_word' id='word_1_58' title='bbox 596 809 768 866; x_wconf 81' lang='grc' dir='ltr'>εἰπεῖν</span> <span class='ocrx_word' id='word_1_59' title='bbox 807 806 958 866; x_wconf 89' lang='grc' dir='ltr'>τάδε·</span> <span class='ocrx_word' id='word_1_60' title='bbox 1001 806 1149 882; x_wconf 83' lang='grc' dir='ltr'>“τήν’</span> <span class='ocrx_word' id='word_1_61' title='bbox 1182 806 1545 883; x_wconf 83' lang='grc' dir='ltr'>πεπρωμένην</span> <span class='ocrx_word' id='word_1_62' title='bbox 1574 808 1777 881; x_wconf 82' lang='grc' dir='ltr'>μοῖραν</span> <span class='ocrx_word' id='word_1_63' title='bbox 1808 805 1935 866; x_wconf 74' lang='grc' dir='ltr'>ἀδύ-</span> 
     </span>
     <span class='ocr_line' id='line_1_10' title="bbox 327 892 1935 974; baseline 0.001 -21"><span class='ocrx_word' id='word_1_64' title='bbox 327 893 467 953; x_wconf 88' lang='grc' dir='ltr'>νατά</span> <span class='ocrx_word' id='word_1_65' title='bbox 493 899 618 954; x_wconf 87' lang='grc' dir='ltr'>ἐστι</span> <span class='ocrx_word' id='word_1_66' title='bbox 643 892 984 974; x_wconf 78' lang='grc' dir='ltr'>ἀποφυγέειν</span> <span class='ocrx_word' id='word_1_67' title='bbox 1012 895 1104 954; x_wconf 83' lang='grc' dir='ltr'>καὶ</span> <span class='ocrx_word' id='word_1_68' title='bbox 1138 895 1262 973; x_wconf 75' lang='grc' dir='ltr'>θεῷ·</span> <span class='ocrx_word' id='word_1_69' title='bbox 1305 897 1555 970; x_wconf 82' lang='grc' dir='ltr'>Κροῖσος</span> <span class='ocrx_word' id='word_1_70' title='bbox 1586 893 1645 952; x_wconf 81' lang='grc' dir='ltr'>δὲ</span> <span class='ocrx_word' id='word_1_71' title='bbox 1674 893 1935 968; x_wconf 86' lang='grc' dir='ltr'>πέμπτου</span> 
     </span>
     <span class='ocr_line' id='line_1_11' title="bbox 325 979 1933 1060; baseline -0.001 -20"><span class='ocrx_word' id='word_1_72' title='bbox 325 982 520 1060; x_wconf 80' lang='grc' dir='ltr'>γονέος</span> <span class='ocrx_word' id='word_1_73' title='bbox 544 979 838 1058; x_wconf 72' lang='grc' dir='ltr'>ἁμαρτάδα</span> <span class='ocrx_word' id='word_1_74' title='bbox 865 981 1162 1057; x_wconf 80' lang='grc' dir='ltr'>ἐξέπλησε,</span> <span class='ocrx_word' id='word_1_75' title='bbox 1185 980 1247 1044; x_wconf 81' lang='grc' dir='ltr'>ὃς</span> <span class='ocrx_word' id='word_1_76' title='bbox 1272 980 1375 1040; x_wconf 80' lang='grc' dir='ltr'>ἐών</span> <span class='ocrx_word' id='word_1_77' title='bbox 1394 979 1703 1058; x_wconf 83' lang='grc' dir='ltr'>δορυφόρος</span> <span class='ocrx_word' id='word_1_78' title='bbox 1726 979 1933 1058; x_wconf 68' lang='grc' dir='ltr'>Ἠρακ-</span> 
     </span>
     <span class='ocr_line' id='line_1_12' title="bbox 326 1067 1933 1150; baseline 0.002 -24"><span class='ocrx_word' id='word_1_79' title='bbox 326 1068 568 1138; x_wconf 89' lang='grc' dir='ltr'>λειδέων,</span> <span class='ocrx_word' id='word_1_80' title='bbox 602 1067 751 1147; x_wconf 81' lang='grc' dir='ltr'>δόλῳ</span> <span class='ocrx_word' id='word_1_81' title='bbox 781 1070 1080 1150; x_wconf 67' lang='grc' dir='ltr'>γυναικηίῳ</span> <span class='ocrx_word' id='word_1_82' title='bbox 1112 1068 1486 1145; x_wconf 83' lang='grc' dir='ltr'>ἐπισπόμενος</span> <span class='ocrx_word' id='word_1_83' title='bbox 1523 1067 1794 1144; x_wconf 85' lang='grc' dir='ltr'>ἐφόνευσε</span> <span class='ocrx_word' id='word_1_84' title='bbox 1828 1068 1933 1130; x_wconf 81' lang='grc' dir='ltr'>τόν</span> 
     </span>
     <span class='ocr_line' id='line_1_13' title="bbox 327 1154 1931 1237; baseline 0.001 -23"><span class='ocrx_word' id='word_1_85' title='bbox 327 1155 622 1226; x_wconf 85' lang='grc' dir='ltr'>δεσπότεα,</span> <span class='ocrx_word' id='word_1_86' title='bbox 651 1157 743 1215; x_wconf 84' lang='grc' dir='ltr'>καὶ</span> <span class='ocrx_word' id='word_1_87' title='bbox 771 1158 906 1237; x_wconf 83' lang='grc' dir='ltr'>ἔσχε</span> <span class='ocrx_word' id='word_1_88' title='bbox 929 1157 1034 1234; x_wconf 76' lang='grc' dir='ltr'>τήν</span> <span class='ocrx_word' id='word_1_89' title='bbox 1061 1157 1271 1217; x_wconf 88' lang='grc' dir='ltr'>ἐκείνου</span> <span class='ocrx_word' id='word_1_90' title='bbox 1294 1155 1463 1232; x_wconf 77' lang='grc' dir='ltr'>τιμήν</span> <span class='ocrx_word' id='word_1_91' title='bbox 1491 1154 1649 1216; x_wconf 87' lang='grc' dir='ltr'>ουδέν</span> <span class='ocrx_word' id='word_1_92' title='bbox 1676 1158 1729 1214; x_wconf 81' lang='grc' dir='ltr'>οἱ</span> <span class='ocrx_word' id='word_1_93' title='bbox 1754 1181 1931 1234; x_wconf 74' lang='grc' dir='ltr'>προσ-</span> 
     </span>
     <span class='ocr_line' id='line_1_14' title="bbox 325 1239 1929 1323; baseline 0.002 -22"><span class='ocrx_word' id='word_1_94' title='bbox 325 1242 598 1318; x_wconf 84' lang='grc' dir='ltr'>η’κουσαν.</span> <span class='ocrx_word' id='word_1_95' title='bbox 679 1246 1132 1323; x_wconf 88' lang='grc' dir='ltr'>προθυμεομένου</span> <span class='ocrx_word' id='word_1_96' title='bbox 1168 1245 1227 1304; x_wconf 81' lang='grc' dir='ltr'>δὲ</span> <span class='ocrx_word' id='word_1_97' title='bbox 1258 1242 1555 1314; x_wconf 69' lang='grc' dir='ltr'>Λοξίεω,”</span> <span class='ocrx_word' id='word_1_98' title='bbox 1521 1268 1659 1306; x_wconf 82' lang='grc' dir='ltr'>οκως</span> <span class='ocrx_word' id='word_1_99' title='bbox 1688 1239 1757 1305; x_wconf 78' lang='grc' dir='ltr'>ἃν</span> <span class='ocrx_word' id='word_1_100' title='bbox 1790 1244 1929 1305; x_wconf 81' lang='grc' dir='ltr'>κατοὶ</span> 
     </span>
     <span class='ocr_line' id='line_1_15' title="bbox 324 1331 1931 1416; baseline 0.001 -25"><span class='ocrx_word' id='word_1_101' title='bbox 324 1357 457 1396; x_wconf 89' lang='grc' dir='ltr'>τους</span> <span class='ocrx_word' id='word_1_102' title='bbox 481 1333 682 1398; x_wconf 83' lang='grc' dir='ltr'>παῖδας</span> <span class='ocrx_word' id='word_1_103' title='bbox 705 1358 836 1398; x_wconf 88' lang='grc' dir='ltr'>τους</span> <span class='ocrx_word' id='word_1_104' title='bbox 862 1334 1118 1412; x_wconf 84' lang='grc' dir='ltr'>Κροίσου</span> <span class='ocrx_word' id='word_1_105' title='bbox 1145 1333 1365 1416; x_wconf 88' lang='grc' dir='ltr'>γένοιτο</span> <span class='ocrx_word' id='word_1_106' title='bbox 1389 1357 1457 1392; x_wconf 92' lang='grc' dir='ltr'>το</span> <span class='ocrx_word' id='word_1_107' title='bbox 1486 1331 1735 1409; x_wconf 80' lang='grc' dir='ltr'>Σαρδίων</span> <span class='ocrx_word' id='word_1_108' title='bbox 1751 1331 1931 1397; x_wconf 85' lang='grc' dir='ltr'>πάθος</span> 
     </span>
     <span class='ocr_line' id='line_1_16' title="bbox 325 1417 1929 1528; baseline 0.001 -48"><span class='ocrx_word' id='word_1_109' title='bbox 325 1420 422 1480; x_wconf 78' lang='grc' dir='ltr'>καὶ</span> <span class='ocrx_word' id='word_1_110' title='bbox 463 1420 547 1498; x_wconf 77' lang='grc' dir='ltr'><em>μή</em></span> <span class='ocrx_word' id='word_1_111' title='bbox 594 1419 712 1482; x_wconf 81' lang='grc' dir='ltr'>κατ’</span> <span class='ocrx_word' id='word_1_112' title='bbox 759 1417 928 1482; x_wconf 73' lang='grc' dir='ltr'>αὐτὸν</span> <span class='ocrx_word' id='word_1_113' title='bbox 951 1425 1243 1500; x_wconf 83' lang='grc' dir='ltr'>’Κροῖσον,</span> <span class='ocrx_word' id='word_1_114' title='bbox 1289 1419 1390 1481; x_wconf 72' lang='grc' dir='ltr'>οὐκ</span> <span class='ocrx_word' id='word_1_115' title='bbox 1438 1417 1553 1483; x_wconf 83' lang='grc' dir='ltr'>οἶός</span> <span class='ocrx_word' id='word_1_116' title='bbox 1595 1445 1659 1479; x_wconf 92' lang='grc' dir='ltr'>τε</span> <span class='ocrx_word' id='word_1_117' title='bbox 1682 1419 1929 1528; x_wconf 86' lang='grc' dir='ltr'>ἐγένετο</span> 
     </span>
     <span class='ocr_line' id='line_1_17' title="bbox 323 1505 1928 1590; baseline 0.001 -22"><span class='ocrx_word' id='word_1_118' title='bbox 323 1513 671 1590; x_wconf 80' lang='grc' dir='ltr'>παραγαγεῖν</span> <span class='ocrx_word' id='word_1_119' title='bbox 697 1511 914 1587; x_wconf 81' lang='grc' dir='ltr'>μοίρας·</span> <span class='ocrx_word' id='word_1_120' title='bbox 949 1510 1090 1570; x_wconf 84' lang='grc' dir='ltr'>ὅσον</span> <span class='ocrx_word' id='word_1_121' title='bbox 1110 1511 1171 1570; x_wconf 87' lang='grc' dir='ltr'>δὲ</span> <span class='ocrx_word' id='word_1_122' title='bbox 1198 1509 1464 1569; x_wconf 85' lang='grc' dir='ltr'>ἐνέδωκαν</span> <span class='ocrx_word' id='word_1_123' title='bbox 1482 1505 1645 1567; x_wconf 80' lang='grc' dir='ltr'>αὗται</span> <span class='ocrx_word' id='word_1_124' title='bbox 1660 1506 1928 1584; x_wconf 80' lang='grc' dir='ltr'>ἡνύσατο,</span> 
     </span>
     <span class='ocr_line' id='line_1_18' title="bbox 325 1593 1929 1686; baseline 0.001 -30"><span class='ocrx_word' id='word_1_125' title='bbox 325 1597 417 1656; x_wconf 85' lang='grc' dir='ltr'>καὶ</span> <span class='ocrx_word' id='word_1_126' title='bbox 458 1597 765 1676; x_wconf 83' lang='grc' dir='ltr'>ἐχαρίσατό</span> <span class='ocrx_word' id='word_1_127' title='bbox 807 1600 880 1656; x_wconf 80' lang='grc' dir='ltr'>οἱ·</span> <span class='ocrx_word' id='word_1_128' title='bbox 919 1599 1048 1674; x_wconf 88' lang='grc' dir='ltr'>τρία</span> <span class='ocrx_word' id='word_1_129' title='bbox 1085 1623 1199 1686; x_wconf 86' lang='grc' dir='ltr'>γαρ</span> <span class='ocrx_word' id='word_1_130' title='bbox 1240 1597 1365 1660; x_wconf 83' lang='grc' dir='ltr'>ἔτεα</span> <span class='ocrx_word' id='word_1_131' title='bbox 1400 1593 1785 1672; x_wconf 78' lang='grc' dir='ltr'>ἐπανεβάλετο</span> <span class='ocrx_word' id='word_1_132' title='bbox 1822 1596 1929 1672; x_wconf 78' lang='grc' dir='ltr'>τήν</span> 
     </span>
     <span class='ocr_line' id='line_1_19' title="bbox 325 1683 1929 1762; baseline 0.004 -20"><span class='ocrx_word' id='word_1_133' title='bbox 325 1685 572 1761; x_wconf 78' lang='grc' dir='ltr'>Σαρδίων</span> <span class='ocrx_word' id='word_1_134' title='bbox 597 1684 834 1745; x_wconf 77' lang='grc' dir='ltr'>ἅλωσιν·</span> <span class='ocrx_word' id='word_1_135' title='bbox 860 1685 969 1743; x_wconf 83' lang='grc' dir='ltr'>καὶ</span> <span class='ocrx_word' id='word_1_136' title='bbox 999 1689 1169 1744; x_wconf 83' lang='grc' dir='ltr'>τοῦτο</span> <span class='ocrx_word' id='word_1_137' title='bbox 1200 1683 1525 1745; x_wconf 81' lang='grc' dir='ltr'>ἐπιστάσθω</span> <span class='ocrx_word' id='word_1_138' title='bbox 1562 1687 1829 1762; x_wconf 81' lang='grc' dir='ltr'>Κροῖσος,</span> <span class='ocrx_word' id='word_1_139' title='bbox 1856 1683 1929 1751; x_wconf 75' lang='grc' dir='ltr'>ὥς</span> 
     </span>
     <span class='ocr_line' id='line_1_20' title="bbox 320 1770 1926 1851; baseline 0.002 -20"><span class='ocrx_word' id='word_1_140' title='bbox 320 1770 559 1849; x_wconf 79' lang='grc' dir='ltr'>ὕστερον</span> <span class='ocrx_word' id='word_1_141' title='bbox 583 1776 740 1832; x_wconf 87' lang='grc' dir='ltr'>τοῖσι</span> <span class='ocrx_word' id='word_1_142' title='bbox 766 1774 917 1833; x_wconf 83' lang='grc' dir='ltr'>ἔτεσι</span> <span class='ocrx_word' id='word_1_143' title='bbox 941 1771 1197 1834; x_wconf 79' lang='grc' dir='ltr'>τούτοισι</span> <span class='ocrx_word' id='word_1_144' title='bbox 1222 1772 1395 1837; x_wconf 77' lang='grc' dir='ltr'>ἆλους</span> <span class='ocrx_word' id='word_1_145' title='bbox 1422 1776 1525 1848; x_wconf 77' lang='grc' dir='ltr'>τῆς</span> <span class='ocrx_word' id='word_1_146' title='bbox 1546 1774 1926 1851; x_wconf 84' lang='grc' dir='ltr'>πεπρωμένης.</span> 
     </span>
     <span class='ocr_line' id='line_1_21' title="bbox 322 1859 1929 1941; baseline 0.002 -22"><span class='ocrx_word' id='word_1_147' title='bbox 322 1859 550 1936; x_wconf 81' lang='grc' dir='ltr'>δεύτερα</span> <span class='ocrx_word' id='word_1_148' title='bbox 581 1859 643 1919; x_wconf 80' lang='grc' dir='ltr'>δὲ</span> <span class='ocrx_word' id='word_1_149' title='bbox 673 1860 897 1932; x_wconf 78' lang='grc' dir='ltr'>τούτων,</span> <span class='ocrx_word' id='word_1_150' title='bbox 926 1862 1199 1941; x_wconf 73' lang='grc' dir='ltr'>καιομένῳ</span> <span class='ocrx_word' id='word_1_151' title='bbox 1230 1860 1377 1941; x_wconf 72' lang='grc' dir='ltr'>αὐτῷ</span> <span class='ocrx_word' id='word_1_152' title='bbox 1408 1860 1701 1940; x_wconf 84' lang='grc' dir='ltr'>ἐπήρκεσε.</span> <span class='ocrx_word' id='word_1_153' title='bbox 1785 1862 1929 1923; x_wconf 73' lang='grc' dir='ltr'>κατὰ</span> 
     </span>
     <span class='ocr_line' id='line_1_22' title="bbox 322 1946 1928 2029; baseline 0.005 -22"><span class='ocrx_word' id='word_1_154' title='bbox 322 1948 384 2007; x_wconf 83' lang='grc' dir='ltr'>δὲ</span> <span class='ocrx_word' id='word_1_155' title='bbox 428 1946 496 2007; x_wconf 77' lang='grc' dir='ltr'>τὰ</span> <span class='ocrx_word' id='word_1_156' title='bbox 542 1947 814 2025; x_wconf 80' lang='grc' dir='ltr'>μαντήϊον</span> <span class='ocrx_word' id='word_1_157' title='bbox 851 1948 918 2009; x_wconf 83' lang='grc' dir='ltr'><em>τό</em></span> <span class='ocrx_word' id='word_1_158' title='bbox 957 1948 1273 2029; x_wconf 85' lang='grc' dir='ltr'>γενόμενον,</span> <span class='ocrx_word' id='word_1_159' title='bbox 1316 1948 1416 2009; x_wconf 72' lang='grc' dir='ltr'>οὐκ</span> <span class='ocrx_word' id='word_1_160' title='bbox 1456 1948 1634 2027; x_wconf 77' lang='grc' dir='ltr'>ὀρθῶς</span> <span class='ocrx_word' id='word_1_161' title='bbox 1675 1953 1928 2028; x_wconf 82' lang='grc' dir='ltr'>Κροῖσος</span> 
     </span>
     <span class='ocr_line' id='line_1_23' title="bbox 319 2035 1927 2119; baseline 0.002 -24"><span class='ocrx_word' id='word_1_162' title='bbox 319 2036 625 2113; x_wconf 84' lang='grc' dir='ltr'>μέμφεται.</span> <span class='ocrx_word' id='word_1_163' title='bbox 691 2036 1035 2119; x_wconf 73' lang='grc' dir='ltr'>προηγόρευε</span> <span class='ocrx_word' id='word_1_164' title='bbox 1058 2035 1173 2119; x_wconf 85' lang='grc' dir='ltr'>γάρ</span> <span class='ocrx_word' id='word_1_165' title='bbox 1200 2040 1255 2097; x_wconf 85' lang='grc' dir='ltr'>οἱ</span> <span class='ocrx_word' id='word_1_166' title='bbox 1280 2037 1500 2113; x_wconf 78' lang='grc' dir='ltr'>Λοξίης,</span> <span class='ocrx_word' id='word_1_167' title='bbox 1527 2035 1598 2114; x_wconf 84' lang='grc' dir='ltr'>ἢν</span> <span class='ocrx_word' id='word_1_168' title='bbox 1624 2037 1927 2115; x_wconf 80' lang='grc' dir='ltr'>στρατεύη-</span> 
     </span>
     <span class='ocr_line' id='line_1_24' title="bbox 319 2123 1925 2209; baseline 0.002 -26"><span class='ocrx_word' id='word_1_169' title='bbox 319 2149 414 2183; x_wconf 86' lang='grc' dir='ltr'>ται</span> <span class='ocrx_word' id='word_1_170' title='bbox 454 2126 546 2183; x_wconf 86' lang='grc' dir='ltr'>ἐπὶ</span> <span class='ocrx_word' id='word_1_171' title='bbox 586 2126 818 2203; x_wconf 88' lang='grc' dir='ltr'>Πέρσας</span> <span class='ocrx_word' id='word_1_172' title='bbox 856 2126 1112 2209; x_wconf 83' lang='grc' dir='ltr'>μεγάλην</span> <span class='ocrx_word' id='word_1_173' title='bbox 1147 2123 1328 2205; x_wconf 81' lang='grc' dir='ltr'>οἷρχὴν</span> <span class='ocrx_word' id='word_1_174' title='bbox 1360 2124 1528 2186; x_wconf 73' lang='grc' dir='ltr'>αὐτᾶν</span> <span class='ocrx_word' id='word_1_175' title='bbox 1568 2126 1925 2187; x_wconf 81' lang='grc' dir='ltr'>καταλύσειν·</span> 
     </span>
     <span class='ocr_line' id='line_1_25' title="bbox 320 2212 1924 2325; baseline 0 -53"><span class='ocrx_word' id='word_1_176' title='bbox 320 2212 421 2273; x_wconf 81' lang='grc' dir='ltr'>τόν</span> <span class='ocrx_word' id='word_1_177' title='bbox 459 2213 519 2273; x_wconf 80' lang='grc' dir='ltr'>δὲ</span> <span class='ocrx_word' id='word_1_178' title='bbox 557 2214 699 2291; x_wconf 81' lang='grc' dir='ltr'>πρός</span> <span class='ocrx_word' id='word_1_179' title='bbox 728 2218 906 2275; x_wconf 80' lang='grc' dir='ltr'>ταῦτα</span> <span class='ocrx_word' id='word_1_180' title='bbox 937 2218 1085 2294; x_wconf 83' lang='grc' dir='ltr'>χρῆν</span> <span class='ocrx_word' id='word_1_181' title='bbox 1117 2212 1179 2273; x_wconf 75' lang='grc' dir='ltr'>εὖ</span> <span class='ocrx_word' id='word_1_182' title='bbox 1208 2215 1497 2291; x_wconf 84' lang='grc' dir='ltr'>μέλλοντα</span> <span class='ocrx_word' id='word_1_183' title='bbox 1510 2212 1924 2325; x_wconf 46' lang='lat' dir='ltr'>:Boukefico-Oat,</span> 
     </span>
     <span class='ocr_line' id='line_1_26' title="bbox 323 2299 1927 2379; baseline 0.001 -20"><span class='ocrx_word' id='word_1_184' title='bbox 323 2301 644 2379; x_wconf 87' lang='grc' dir='ltr'>ἐπείρεσθαι</span> <span class='ocrx_word' id='word_1_185' title='bbox 668 2302 971 2379; x_wconf 85' lang='grc' dir='ltr'>πέμψαντα</span> <span class='ocrx_word' id='word_1_186' title='bbox 997 2301 1197 2377; x_wconf 88' lang='grc' dir='ltr'>κότερα</span> <span class='ocrx_word' id='word_1_187' title='bbox 1216 2301 1321 2375; x_wconf 83' lang='grc' dir='ltr'>τήν</span> <span class='ocrx_word' id='word_1_188' title='bbox 1337 2304 1537 2360; x_wconf 79' lang='grc' dir='ltr'>ἑωυτοῦ</span> <span class='ocrx_word' id='word_1_189' title='bbox 1555 2299 1593 2375; x_wconf 78' lang='grc' dir='ltr'>ἦ</span> <span class='ocrx_word' id='word_1_190' title='bbox 1612 2300 1718 2375; x_wconf 71' lang='grc' dir='ltr'>τὴν</span> <span class='ocrx_word' id='word_1_191' title='bbox 1734 2301 1927 2377; x_wconf 81' lang='grc' dir='ltr'>Κύρου</span> 
     </span>
     <span class='ocr_line' id='line_1_27' title="bbox 321 2386 1927 2493; baseline 0.001 -47"><span class='ocrx_word' id='word_1_192' title='bbox 321 2387 484 2467; x_wconf 89' lang='grc' dir='ltr'>λέγοι</span> <span class='ocrx_word' id='word_1_193' title='bbox 523 2386 736 2464; x_wconf 77' lang='grc' dir='ltr'>ἀρχήν·</span> <span class='ocrx_word' id='word_1_194' title='bbox 721 2432 738 2457; x_wconf 90' lang='grc'>,</span> <span class='ocrx_word' id='word_1_195' title='bbox 783 2414 850 2447; x_wconf 91' lang='grc' dir='ltr'>ου</span> <span class='ocrx_word' id='word_1_196' title='bbox 889 2388 1209 2465; x_wconf 88' lang='grc' dir='ltr'>συλλαβων</span> <span class='ocrx_word' id='word_1_197' title='bbox 1238 2388 1301 2447; x_wconf 76' lang='grc' dir='ltr'>δὲ</span> <span class='ocrx_word' id='word_1_198' title='bbox 1330 2386 1397 2447; x_wconf 82' lang='grc' dir='ltr'><strong><em>τό</em></strong></span> <span class='ocrx_word' id='word_1_199' title='bbox 1430 2388 1613 2463; x_wconf 82' lang='grc' dir='ltr'>ῥηθὲν,</span> <span class='ocrx_word' id='word_1_200' title='bbox 1634 2386 1761 2493; x_wconf 56' lang='grc' dir='ltr'>ιοὐδ’</span> <span class='ocrx_word' id='word_1_201' title='bbox 1795 2392 1927 2447; x_wconf 77' lang='grc' dir='ltr'>ἐπα-</span> 
     </span>
     <span class='ocr_line' id='line_1_28' title="bbox 322 2470 1926 2551; baseline 0.002 -18"><span class='ocrx_word' id='word_1_202' title='bbox 322 2472 652 2548; x_wconf 87' lang='grc' dir='ltr'>νειρόμενος,</span> <span class='ocrx_word' id='word_1_203' title='bbox 708 2474 910 2535; x_wconf 80' lang='grc' dir='ltr'>ἐωυτὸν</span> <span class='ocrx_word' id='word_1_204' title='bbox 963 2474 1143 2537; x_wconf 79' lang='grc' dir='ltr'>αἴτιον</span> <span class='ocrx_word' id='word_1_205' title='bbox 1194 2473 1567 2549; x_wconf 76' lang='grc' dir='ltr'>αποφαινὲτω·</span> <span class='ocrx_word' id='word_1_206' title='bbox 1620 2470 1665 2551; x_wconf 79' lang='grc' dir='ltr'>ᾧ</span> <span class='ocrx_word' id='word_1_207' title='bbox 1716 2473 1810 2533; x_wconf 84' lang='grc' dir='ltr'>καὶ</span> <span class='ocrx_word' id='word_1_208' title='bbox 1857 2500 1926 2536; x_wconf 89' lang='grc' dir='ltr'>το</span> 
     </span>
     <span class='ocr_line' id='line_1_29' title="bbox 321 2558 1928 2642; baseline 0.001 -22"><span class='ocrx_word' id='word_1_209' title='bbox 321 2562 642 2620; x_wconf 83' lang='grc' dir='ltr'>τελευταῖον</span> <span class='ocrx_word' id='word_1_210' title='bbox 687 2562 1216 2642; x_wconf 75' lang='grc' dir='ltr'>χρηστηριαζομένῳ</span> <span class='ocrx_word' id='word_1_211' title='bbox 1262 2560 1383 2619; x_wconf 83' lang='grc' dir='ltr'>εἶπε</span> <span class='ocrx_word' id='word_1_212' title='bbox 1427 2558 1500 2619; x_wconf 86' lang='grc' dir='ltr'>τοὶ</span> <span class='ocrx_word' id='word_1_213' title='bbox 1547 2558 1667 2619; x_wconf 82' lang='grc' dir='ltr'>εἶπε</span> <span class='ocrx_word' id='word_1_214' title='bbox 1720 2562 1928 2639; x_wconf 78' lang='grc' dir='ltr'>Λοξίης</span> 
     </span>
     <span class='ocr_line' id='line_1_30' title="bbox 326 2645 1927 2729; baseline 0.002 -23"><span class='ocrx_word' id='word_1_215' title='bbox 326 2646 457 2725; x_wconf 88' lang='grc' dir='ltr'>περὶ</span> <span class='ocrx_word' id='word_1_216' title='bbox 495 2645 747 2724; x_wconf 75' lang='grc' dir='ltr'>ἡμιόνου,</span> <span class='ocrx_word' id='word_1_217' title='bbox 789 2648 916 2709; x_wconf 78' lang='grc' dir='ltr'>οὐδὲ</span> <span class='ocrx_word' id='word_1_218' title='bbox 954 2654 1124 2714; x_wconf 83' lang='grc' dir='ltr'>τοῦτο</span> <span class='ocrx_word' id='word_1_219' title='bbox 1164 2648 1472 2724; x_wconf 86' lang='grc' dir='ltr'>συνέβαλε·</span> <span class='ocrx_word' id='word_1_220' title='bbox 1522 2646 1594 2723; x_wconf 88' lang='grc' dir='ltr'>ἦν</span> <span class='ocrx_word' id='word_1_221' title='bbox 1631 2647 1743 2729; x_wconf 68' lang='grc' dir='ltr'>γσῖρ</span> <span class='ocrx_word' id='word_1_222' title='bbox 1784 2648 1852 2725; x_wconf 76' lang='grc' dir='ltr'>δὴ</span> <span class='ocrx_word' id='word_1_223' title='bbox 1893 2649 1927 2710; x_wconf 76' lang='grc' dir='ltr'>ὅ</span> 
     </span>
     <span class='ocr_line' id='line_1_31' title="bbox 325 2731 1929 2817; baseline 0.001 -21"><span class='ocrx_word' id='word_1_224' title='bbox 325 2738 515 2813; x_wconf 84' lang='grc' dir='ltr'>Κῦρος</span> <span class='ocrx_word' id='word_1_225' title='bbox 555 2731 716 2799; x_wconf 75' lang='grc' dir='ltr'>οὗτος</span> <span class='ocrx_word' id='word_1_226' title='bbox 754 2734 1002 2813; x_wconf 72' lang='grc' dir='ltr'>ἡμίονος·</span> <span class='ocrx_word' id='word_1_227' title='bbox 1044 2741 1106 2797; x_wconf 90' lang='grc' dir='ltr'>ἐκ</span> <span class='ocrx_word' id='word_1_228' title='bbox 1144 2732 1267 2817; x_wconf 67' lang='grc' dir='ltr'>γὰρ’</span> <span class='ocrx_word' id='word_1_229' title='bbox 1289 2735 1441 2795; x_wconf 83' lang='grc' dir='ltr'>δυοῖν</span> <span class='ocrx_word' id='word_1_230' title='bbox 1480 2734 1581 2795; x_wconf 76' lang='grc' dir='ltr'>οὐκ</span> <span class='ocrx_word' id='word_1_231' title='bbox 1621 2735 1929 2813; x_wconf 81' lang='grc' dir='ltr'>ὁμοεθνέων</span> 
     </span>
     <span class='ocr_line' id='line_1_32' title="bbox 325 2821 1929 2905; baseline 0.001 -23"><span class='ocrx_word' id='word_1_232' title='bbox 325 2823 592 2905; x_wconf 87' lang='grc' dir='ltr'>ἐγεγόνεε,</span> <span class='ocrx_word' id='word_1_233' title='bbox 618 2823 831 2901; x_wconf 72' lang='grc' dir='ltr'>μητρὸς</span> <span class='ocrx_word' id='word_1_234' title='bbox 858 2823 1147 2900; x_wconf 78' lang='grc' dir='ltr'>α’,μείνονος</span> <span class='ocrx_word' id='word_1_235' title='bbox 1175 2821 1388 2899; x_wconf 82' lang='grc' dir='ltr'>πατρός</span> <span class='ocrx_word' id='word_1_236' title='bbox 1418 2822 1477 2883; x_wconf 82' lang='grc' dir='ltr'>δὲ</span> <span class='ocrx_word' id='word_1_237' title='bbox 1506 2823 1929 2902; x_wconf 69' lang='grc' dir='ltr'>ὑποδεεστέρου·</span> 
     </span>
    </p>
   </div>
   <div class='ocr_carea' id='block_1_4' title="bbox 325 2906 2007 3023">
    <p class='ocr_par' dir='ltr' id='par_1_4' title="bbox 325 2906 2007 3023">
     <span class='ocr_line' id='line_1_33' title="bbox 325 2906 2007 3023; baseline 0.001 -52"><span class='ocrx_word' id='word_1_238' title='bbox 325 2910 366 2985; x_wconf 82' lang='grc' dir='ltr'><em>ἦ</em></span> <span class='ocrx_word' id='word_1_239' title='bbox 397 2914 501 2988; x_wconf 81' lang='grc' dir='ltr'>μὲν</span> <span class='ocrx_word' id='word_1_240' title='bbox 538 2910 650 2992; x_wconf 75' lang='grc' dir='ltr'>γὰρ</span> <span class='ocrx_word' id='word_1_241' title='bbox 689 2910 762 2988; x_wconf 84' lang='grc' dir='ltr'>ἦν</span> <span class='ocrx_word' id='word_1_242' title='bbox 801 2911 988 2987; x_wconf 84' lang='grc' dir='ltr'>Μηδὶς</span> <span class='ocrx_word' id='word_1_243' title='bbox 1028 2913 1121 2970; x_wconf 89' lang='grc' dir='ltr'>καὶ</span> <span class='ocrx_word' id='word_1_244' title='bbox 1158 2910 1501 2992; x_wconf 87' lang='grc' dir='ltr'>Ἀστυάγεος</span> <span class='ocrx_word' id='word_1_245' title='bbox 1541 2912 1789 3023; x_wconf 85' lang='grc' dir='ltr'>θυγάτηρ</span> <span class='ocrx_word' id='word_1_246' title='bbox 1828 2915 1929 2972; x_wconf 80' lang='grc' dir='ltr'>τοῦ</span> <span class='ocrx_word' id='word_1_247' title='bbox 2004 2906 2007 2911; x_wconf 45' lang='grc'><strong>’</strong></span> 
     </span>
    </p>
   </div>
   <div class='ocr_carea' id='block_1_5' title="bbox 325 2997 1933 3340">
    <p class='ocr_par' dir='ltr' id='par_1_5' title="bbox 325 2997 1933 3340">
     <span class='ocr_line' id='line_1_34' title="bbox 327 2997 1932 3079; baseline 0.004 -24"><span class='ocrx_word' id='word_1_248' title='bbox 327 2997 538 3072; x_wconf 84' lang='grc' dir='ltr'>Μήδων</span> <span class='ocrx_word' id='word_1_249' title='bbox 561 2997 921 3075; x_wconf 68' lang='grc' dir='ltr'>βασιλέος,“</span> <span class='ocrx_word' id='word_1_250' title='bbox 887 3024 921 3059; x_wconf 93' lang='grc' dir='ltr'>ο</span> <span class='ocrx_word' id='word_1_251' title='bbox 955 2998 1014 3059; x_wconf 83' lang='grc' dir='ltr'>δὲ</span> <span class='ocrx_word' id='word_1_252' title='bbox 1046 2999 1277 3076; x_wconf 89' lang='grc' dir='ltr'>Πέρσης</span> <span class='ocrx_word' id='word_1_253' title='bbox 1306 3024 1371 3058; x_wconf 87' lang='grc' dir='ltr'>τε</span> <span class='ocrx_word' id='word_1_254' title='bbox 1401 2998 1473 3075; x_wconf 83' lang='grc' dir='ltr'>ἦν</span> <span class='ocrx_word' id='word_1_255' title='bbox 1498 3001 1591 3060; x_wconf 85' lang='grc' dir='ltr'>καὶ</span> <span class='ocrx_word' id='word_1_256' title='bbox 1622 2999 1932 3079; x_wconf 85' lang='grc' dir='ltr'>οἷρχόμενος</span> 
     </span>
     <span class='ocr_line' id='line_1_35' title="bbox 325 3081 1933 3193; baseline 0.002 -51"><span class='ocrx_word' id='word_1_257' title='bbox 325 3081 418 3142; x_wconf 66' lang='grc' dir='ltr'>ὕπ’</span> <span class='ocrx_word' id='word_1_258' title='bbox 453 3086 733 3147; x_wconf 86' lang='grc' dir='ltr'>ἐκείνοισι·</span> <span class='ocrx_word' id='word_1_259' title='bbox 774 3087 868 3148; x_wconf 79' lang='grc' dir='ltr'>καὶ</span> <span class='ocrx_word' id='word_1_260' title='bbox 899 3086 1141 3193; x_wconf 49' lang='grc' dir='ltr'>ἔνερθεΑ’</span> <span class='ocrx_word' id='word_1_261' title='bbox 1113 3086 1216 3145; x_wconf 78' lang='grc' dir='ltr'>εῶν</span> <span class='ocrx_word' id='word_1_262' title='bbox 1245 3090 1399 3146; x_wconf 83' lang='grc' dir='ltr'>τοῖσι</span> <span class='ocrx_word' id='word_1_263' title='bbox 1430 3086 1628 3158; x_wconf 79' lang='grc' dir='ltr'>ἅπασι,</span> <span class='ocrx_word' id='word_1_264' title='bbox 1662 3088 1933 3165; x_wconf 84' lang='grc' dir='ltr'>δεσποίνῃ</span> 
     </span>
     <span class='ocr_line' id='line_1_36' title="bbox 327 3170 1933 3253; baseline 0.002 -22"><span class='ocrx_word' id='word_1_265' title='bbox 327 3170 404 3244; x_wconf 75' lang='grc' dir='ltr'>τῇ</span> <span class='ocrx_word' id='word_1_266' title='bbox 428 3172 630 3231; x_wconf 74' lang='grc' dir='ltr'>ἑωυτοῦ</span> <span class='ocrx_word' id='word_1_267' title='bbox 647 3172 951 3237; x_wconf 47' lang='grc' dir='ltr'>συνοίκεεῗ</span> <span class='ocrx_word' id='word_1_268' title='bbox 1003 3176 1179 3234; x_wconf 80' lang='grc' dir='ltr'>ταῦτα</span> <span class='ocrx_word' id='word_1_269' title='bbox 1204 3175 1307 3250; x_wconf 78' lang='grc' dir='ltr'>μὲν</span> <span class='ocrx_word' id='word_1_270' title='bbox 1326 3200 1363 3249; x_wconf 93' lang='grc' dir='ltr'>η</span> <span class='ocrx_word' id='word_1_271' title='bbox 1392 3174 1634 3253; x_wconf 62' lang='grc' dir='ltr'>Πυθίη”</span> <span class='ocrx_word' id='word_1_272' title='bbox 1600 3174 1933 3252; x_wconf 88' lang='grc' dir='ltr'>υπεκρίνατο</span> 
     </span>
     <span class='ocr_line' id='line_1_37' title="bbox 326 3255 1933 3340; baseline 0.003 -25"><span class='ocrx_word' id='word_1_273' title='bbox 326 3255 484 3315; x_wconf 81' lang='grc' dir='ltr'>τοῖσι</span> <span class='ocrx_word' id='word_1_274' title='bbox 512 3258 767 3331; x_wconf 78' lang='grc' dir='ltr'>Λυδοῖσι,</span> <span class='ocrx_word' id='word_1_275' title='bbox 801 3265 858 3323; x_wconf 81' lang='grc' dir='ltr'>οἶ</span> <span class='ocrx_word' id='word_1_276' title='bbox 888 3262 949 3321; x_wconf 79' lang='grc' dir='ltr'>δὲ</span> <span class='ocrx_word' id='word_1_277' title='bbox 980 3259 1273 3337; x_wconf 72' lang='grc' dir='ltr'>ἀνήνεικαν</span> <span class='ocrx_word' id='word_1_278' title='bbox 1305 3265 1361 3325; x_wconf 91' lang='grc' dir='ltr'>ἐς</span> <span class='ocrx_word' id='word_1_279' title='bbox 1393 3263 1595 3340; x_wconf 81' lang='grc' dir='ltr'>Σάρδις</span> <span class='ocrx_word' id='word_1_280' title='bbox 1627 3261 1721 3321; x_wconf 82' lang='grc' dir='ltr'>καὶ</span> <span class='ocrx_word' id='word_1_281' title='bbox 1752 3258 1933 3340; x_wconf 71' lang='grc' dir='ltr'>ἀπήγ-</span> 
     </span>
    </p>
   </div>
  </div>
 </body>
</html>
