2250 3500
303 112 402 160 184
925 111 1295 161 ἨΡΟΔΟΤΟΤ
1806 107 1907 170 [Π.

305 193 618 270 λαμβάνων
649 194 856 270 ἔμελλε
892 192 1153 271 διαχέειν.
1232 189 1272 267 ἦ
1306 190 1413 268 μέν
1441 213 1541 250 νυν
1570 188 1745 266 λίμνη
1769 188 1913 266 αὕτη

305 279 449 340 οὕτω
472 283 702 360 λέγεται
728 280 1052 360 ορυχθῆναι.

215 370 325 428 151
387 371 511 429 'mv
537 369 597 428 δὲ
623 369 864 428 δυώδεκα
898 367 1191 444 βασιλέων
1214 365 1547 478 δικαιοσύνῃ
1569 364 1910 444 χρεωμένων,

306 455 414 516 οἴνα
441 456 648 536 χρόνον
685 456 759 520 ὦς
789 457 1051 517 ἔθυσαν’
1025 483 1084 516 εν
1107 459 1186 535 τῷ
1214 459 1312 534 ἱρῷ
1343 459 1444 514 τοῦ
1467 455 1812 530 Ἡφαίστου,
1836 479 1911 531 τῃ

303 543 524 625 υστάτῃ
556 549 657 620 τῆς
691 545 860 623 ὁρτῆς
891 544 1216 624 μελλόντων
1250 543 1667 611 κατασπείσειν,
1694 541 1726 600 ὁ
1754 540 1913 620 α’,ρχι-

303 632 431 710 ρεῧς
457 633 689 703 ἐξένεικέ
713 639 826 708 σφι
847 632 1060 707 φιάλας
1083 632 1331 711 χρυσέας
1351 631 1515 710 (τῇσί
1536 653 1642 706 περ
1664 628 1913 688 ἐώθεσαν

305 721 592 802 σπένδειν)
643 720 906 798 ἁμαρτὼν
956 723 1056 779 τοῦ
1116 719 1359 796 οἷριθμοῦ
1419 717 1611 777 ἕνδεκα
1668 714 1911 775 δυώδεκα

306 811 486 870 ἐοῦσι·
567 810 805 869 ἐνθαῦτα
856 806 928 872 ὦς
980 807 1082 868 οὐκ
1144 807 1261 885 εἶχε
1320 803 1535 882 φιάλην
1585 803 1617 864 ό
1671 805 1913 882 ἔσεχατος

305 896 508 960 ἐστεῶς
545 895 726 956 αὐτῶν
759 894 1134 974 Ψαμμίτιχος,
1160 893 1555 971 περιελόμενος
1584 890 1691 968 τήν
1716 891 1911 966 κυνέην

306 986 514 1042 ἐοῦσαν
548 984 797 1062 χαλκέην
820 983 1039 1061 ὖπέσχε
1068 1008 1131 1042 τε
1168 983 1262 1040 καὶ
1293 981 1541 1041 ἔσπενδε.
1624 979 1816 1041 κυνέας
1849 979 1909 1038 δὲ

306 1070 398 1128 καὶ
425 1073 479 1130 οἱ
505 1069 676 1129 ἄλλοι
703 1069 942 1133 ἅπαντες
977 1069 1213 1147 ἐφόρεόν
1242 1095 1307 1128 τε
1335 1069 1608 1145 βασιλέες
1634 1067 1727 1126 καὶ
1752 1066 1909 1148 ἐτύγ-

303 1183 479 1236 χανον
529 1157 660 1219 τότε
705 1159 942 1236 ἔχοντες.
955 1157 973 1182 “’
1022 1157 1379 1236 Ψαμμίτιχος
1423 1157 1529 1233 μέν
1578 1181 1677 1216 νυν
1729 1153 1908 1215 οὐδενὶ

305 1245 516 1326 δολερῷ
539 1246 647 1324 νόῳ
673 1245 1000 1326 χρεώμενος,
1023 1244 1245 1324 ὖπέσχε
1269 1245 1374 1320 τήν
1409 1245 1623 1320 κυνέην·
1680 1246 1735 1304 οἰ
1760 1243 1821 1302 δὲ
1848 1248 1907 1302 ἐν

306 1334 471 1411 φρενὶ
497 1335 776 1411 λαβόντες
800 1333 868 1395 τό
892 1360 955 1394 τε
985 1334 1218 1410 ποιηθὲν
1244 1338 1305 1393 ἐκ
1334 1332 1695 1412 Ψαμμιτίχου
1721 1331 1815 1390 καὶ
1836 1330 1905 1391 τὸ

304 1421 653 1501 χρηστήριον
705 1423 737 1482 ὅ
788 1448 845 1482 τι
886 1421 1152 1502 ἐκέχρητό
1193 1427 1323 1496 σφι,
1348 1419 1449 1481 τὸν
1488 1421 1704 1500 χαλκέῃ
1746 1421 1907 1480 σπεί·

306 1537 490 1571 σαντα
515 1509 694 1572 αὖτῶν
714 1506 898 1590 φιάλῃ
923 1515 1123 1570 τοῦτον
1146 1509 1403 1586 βασιλέα
1436 1509 1670 1568 ἔσεσθαι
1698 1512 1907 1584 μοῦνον

303 1597 607 1677 Αἰγύπτου,
641 1598 1086 1674 ἀναμνησθέντες
1114 1601 1217 1657 τοῦ
1248 1599 1531 1675 χρησμοῦ,
1560 1598 1766 1655 κτεῖναι
1800 1598 1907 1672 μὲν

305 1683 405 1743 οῦκ
441 1685 770 1744 ἐδικαίωσαν
806 1685 1182 1762 Ψαμμίτιχον,
1210 1683 1284 1746 ὥς
1304 1683 1638 1761 ’ἀνεύρισκον
1661 1684 1903 1759 βασανί-

305 1772 490 1841 ζοντες
517 1772 580 1841 ἐξ
602 1770 861 1847 ὀὐδεμιῆς
894 1773 1158 1849 προνοίης
1184 1770 1354 1832 αὖτόν
1384 1771 1720 1847 ποιήσαντα·
1763 1777 1819 1835 ἐς
1843 1772 1905 1831 δὲ

301 1857 376 1917 τοὶ
415 1858 546 1916 ἕλεα
589 1858 742 1929 ἔδοξέ
773 1865 886 1935 σφι
923 1858 1129 1929 διῶξαι,
1162 1858 1520 1935 ψιλώσαντας
1549 1858 1623 1920 τσῖ
1655 1863 1904 1921 πλεῖστα

304 1949 407 2022 τῆς
447 1945 725 2023 δυνάμιος·
769 1951 829 2006 ἐκ
855 1947 914 2006 δὲ
952 1950 1064 2007 τῶν
1097 1947 1267 2008 ἑλέων
1299 1946 1648 2024 ὄρμεώμενον
1671 1948 1753 2026 μή
1788 1954 1901 2009 ἐπι-

209 2036 325 2094 152
342 2034 655 2116 μίσγεσθαι
679 2039 750 2115 τῇ
775 2034 929 2115 ἄλλῃ
957 2034 1237 2116 Αἰγύπτῳ.
1319 2035 1434 2094 Τόν
1461 2035 1521 2094 δὲ
1545 2038 1904 2116 Ψαμμίτιχον

251 3414 274 3445 Ι

303 2125 504 2183 τοῦτον
555 2123 826 2201 πρότερον
881 2123 1165 2204 φεύγοντα
1201 2121 1301 2183 τᾶν
1339 2123 1585 2183 Αἰθίοπα
1625 2126 1903 2199 Σαβακῶν

306 2209 367 2273 ὅς
395 2213 448 2269 οἱ
473 2211 574 2271 τόν
598 2213 814 2289 πατέρα
844 2212 1041 2271 Νεκῶν
1068 2210 1371 2280 οἷπέκτεινε,
1396 2214 1596 2271 τοῦτον
1620 2212 1901 2293 φεύγοντα

300 2298 430 2358 τότε
484 2303 539 2360 ἐς
579 2300 801 2375 Συρίην,
845 2299 914 2362 ὥς
967 2298 1317 2377 ἀπαλλάχθη
1357 2302 1419 2357 ἐκ
1463 2302 1565 2374 τῆς
1603 2298 1764 2377 ὄψιος
1800 2308 1901 2360 τοῦ

303 2382 518 2458 ὄνείρου
550 2382 583 2442 ὅ
619 2386 844 2462 Αἰθίοψ,
876 2385 1196 2467 κατήγαγον
1226 2386 1541 2466 Αἰγυπτίων
1572 2384 1725 2446 οὗτοι
1760 2388 1815 2447 οἳ
1840 2394 1902 2447 ἐκ

301 2472 476 2544 νομοῦ
515 2472 616 2529 τοῦ
657 2471 868 2533 Σαΐτεώ
908 2476 1040 2531 εἰσι·
1092 2471 1237 2548 μετ-οἰ
1278 2473 1354 2544 δὲ,
1393 2474 1795 2549 βασιλεύοντα,
1834 2479 1903 2536 τὸ

304 2556 557 2634 δεύτερον
587 2556 729 2635 πρός
766 2562 878 2619 τῶν
919 2559 1108 2620 ἕνδεκα
1143 2560 1439 2637 βασιλέων
1478 2563 1903 2639 καταλαμβάνει

299 2671 399 2723 μιν
453 2644 543 2705 διοῖ
582 2645 688 2723 τήν
728 2648 922 2724 κυνέην
963 2646 1191 2728 φεύγειν
1233 2653 1290 2711 ἐς
1326 2648 1398 2709 τοὶ
1440 2650 1591 2709 ἕλεα.
1674 2650 1903 2711 ἐπιστά-

299 2759 466 2811 μενος
492 2733 568 2795 ὦν
595 2734 666 2799 ὥς
690 2736 1161 2819 περιυβρισμένος
1188 2737 1272 2813 εἴη
1296 2735 1439 2814 πρὸς
1464 2736 1659 2808 αὐτῶν,
1687 2737 1903 2799 ἐπενόεε

301 2822 576 2883 τίσασθαι
613 2821 745 2887 τούς
785 2823 1100 2894 διώξαντας·
1148 2826 1434 2902 πέμψαντι
1474 2824 1539 2884 δέ
1574 2828 1629 2885 οἰ
1668 2830 1725 2889 ἔς
1764 2832 1899 2885 Βου-

301 2911 402 2967 ‘roi‘
403 2934 436 2968 v
471 2909 644 2970 πόλιν
684 2916 740 2974 ἐς
777 2911 844 2972 τὰ
884 2910 1233 2990 χρηστήριον
1272 2916 1374 2987 τῆς
1398 2916 1634 2988 Λητοῦς,
1666 2913 1798 2974 ἔνθα
1832 2913 1903 2989 δὴ

304 2996 669 3073 Αἰγυπτίοισί
730 3002 854 3057 ἐστι
919 2996 1189 3073 μαντήϊον
1262 2997 1694 3075 αψευὸέστατον,
1759 3000 1905 3076 ἦλθε

303 3081 561 3157 χρησμός
615 3107 688 3145 ως
737 3084 884 3147 τίσις
936 3082 1056 3159 ἥξει
1113 3082 1227 3143 dard
1292 3086 1595 3162 θαλάσσης
1649 3088 1904 3167 χαλκέων

304 3161 518 3240 α’νδρῶν
544 3171 938 3244 ἐπιφανέντων·
981 3171 1072 3229 καὶ
1096 3171 1174 3247 τῶ
1198 3172 1303 3245 μὲν
1322 3170 1453 3247 δη’
1417 3175 1654 3251 απιστίη
1678 3175 1905 3256 μεγάλη

307 3243 630 3328 υπεκέχυτο,
684 3258 960 3334 χαλκεους
1011 3280 1066 3315 οι
1105 3253 1308 3335 ἄνδρας
1358 3258 1512 3335 ἥξειν
1559 3262 1903 3341 ἐπικουρους·
