2250 3500
322 111 543 178 83-36]
898 109 1350 162 ΜΕΛΠΟΜΕΝΗ.
1819 111 1918 160 293

318 218 513 274 ρονται
539 193 633 254 καὶ
656 193 715 253 αἶ
742 189 903 270 κόραι
938 192 1030 251 καὶ
1056 193 1111 250 οἱ
1135 191 1328 256 παῖδες
1351 191 1407 251 οἱ
1433 189 1678 267 Δηλίων·
1712 191 1778 259 αἱ
1801 191 1922 267 μὲν,

318 282 433 360 πρὸ
456 280 643 365 γάμου
662 280 959 356 πλόκαμον
984 277 1438 356 ἀποταμνόμεναι
1459 279 1550 338 καὶ
1569 279 1697 355 περὶ
1720 277 1921 356 ἄτρακ-

319 396 421 431 τον
462 369 762 439 εἱλίξασαι,
804 367 897 426 ε’πὶ
935 367 1003 428 τό
1050 370 1215 443 σῆμα
1254 367 1478 426 τιθεῖσι·
1531 366 1621 447 (τὸ
1662 367 1723 427 δὲ
1762 363 1924 444 σῆμά

320 461 451 518 ε’στι
475 458 585 516 ἔσω
611 460 668 520 ἐς
689 454 757 515 τὰ
782 453 1142 531 Ἀρτεμίσιον
1168 452 1378 514 ἐσιόντι
1402 450 1700 530 ἀριστερῆς
1715 453 1920 533 χειρός·

322 544 631 620 ἐπιπέφυκε
664 542 729 602 δέ
759 545 813 602 οἶ
846 541 1051 619 ἐλαίη)
1100 544 1156 601 οἱ
1195 541 1256 601 δὲ
1297 541 1491 603 παῖδες
1529 543 1640 600 τῶν
1679 543 1921 617 Δηλίων,

321 632 456 709 περὶ
492 630 677 710 χλόην
707 629 835 690 τινὰ
866 629 1169 699 εἱλίξαντες
1197 633 1310 690 τῶν
1347 632 1569 708 τριχῶν,
1601 629 1920 704 προτιθεῖσι

324 720 419 778 καὶ
456 716 612 778 οὗτοι
642 717 735 778 ἐπὶ
770 716 841 778 ard
880 721 1062 794 σῆμα·
1114 714 1280 777 αὗται
1317 719 1422 795 μὲν
1459 715 1530 792 δή
1574 715 1784 792 ταύτην
1820 715 1926 792 τήν

323 805 495 883 τιμήν
524 807 723 884 ἔχουσι
756 804 899 882 πρός
930 809 1043 865 τῶν
1072 805 1270 880 Δήλου
1296 803 1615 882 οἰκητόρων.
1682 804 1837 864 Φασὶ
1861 803 1922 863 δὲ
1941 806 2016 864 35

327 895 385 953 οἶ
423 918 582 954 αυτοι
620 894 714 954 καὶ
751 892 857 968 τὴν
882 890 1103 974 Ἀργην
1133 917 1198 952 τε
1238 893 1331 952 καὶ
1359 892 1467 968 τήν
1488 892 1686 963 Ὠπιν,
1719 891 1921 955 ἐούσας

324 981 649 1057 παρθένους,
666 981 731 1051 ἐξ
750 980 1144 1058 Ὑπερβορέων
1163 982 1306 1041 κατὰ
1327 1006 1458 1046 τους
1481 979 1680 1044 αὐτους
1693 979 1922 1044 τούτους

326 1066 649 1146 ἅνθρωπους
672 1069 1047 1146 πορευομένας
1070 1068 1428 1129 α’πικέσθαι’
1400 1095 1457 1134 ες
1477 1069 1717 1145 Δῆλον”
1688 1094 1768 1129 ετι
1787 1067 1925 1147 πρό-

326 1180 491 1233 τερον
512 1154 824 1236 Ὑπερόχης
844 1181 909 1218 τε
935 1157 1027 1216 καὶ
1052 1157 1348 1233 Λαοδίκης·
1382 1155 1586 1220 ταύτας
1609 1157 1715 1234 μέν
1733 1181 1830 1218 νυν
1847 1159 1921 1234 τῇ

326 1243 619 1322 Εἰλειθυίῃ
642 1243 1043 1322 αποφερούσας
1068 1243 1193 1304 ἀντὶ
1217 1249 1319 1305 τοῦ
1345 1243 1621 1305 ωκυτόκου
1645 1243 1746 1305 τόν
1766 1243 1920 1314 ἐτάξ-

331 1355 467 1392 αντο
506 1331 687 1410 φόρον
724 1331 1045 1392 ἀπικέσθαι·
1095 1330 1202 1406 τήν
1239 1332 1302 1391 δὲ
1329 1330 1548 1412 Ἀργην
1583 1356 1648 1391 τε
1694 1332 1787 1389 καὶ
1823 1330 1936 1414 τήν,

322 1416 499 1480 Ὦπιν
530 1417 651 1497 ἅμα
686 1419 908 1480 αὐτοῖσι
935 1422 1091 1480 τοῖσι
1120 1419 1306 1479 θεοῖσι
1338 1417 1640 1479 ἀπικέσθαι
1673 1418 1927 1498 λέγουσι,

333 1506 431 1566 καί
450 1511 564 1583 σφι
588 1507 756 1585 τιμάς
780 1506 965 1570 ἄλλας
989 1505 1256 1567 δεδόσθαι
1278 1505 1422 1583 πρός
1444 1506 1658 1582 σφέων·
1699 1504 1791 1564 καὶ
1813 1504 1926 1586 γάρ

330 1593 573 1676 ἐγείρειν
600 1601 715 1672 σφι
744 1594 849 1659 τάς
880 1598 1161 1676 γυναῖκας,
1189 1593 1646 1672 ἐπονομαζούσας
1671 1592 1744 1653 τοὶ
1773 1590 1928 1652 οὐνό-

330 1707 485 1760 ματα
511 1687 571 1743 ε’ν
586 1687 665 1763 τῷ
680 1682 833 1763 ὕμνῳ
850 1681 949 1747 τόν
962 1689 1077 1761 σφι
1097 1681 1278 1761 Ὠλὴν
1293 1681 1432 1761 α’νήρ
1451 1681 1656 1747 Λύκιος
1674 1680 1924 1758 ἐποίησε·

332 1770 489 1848 παρὰ
529 1772 591 1831 δὲ
634 1772 829 1848 σφέων
866 1770 1150 1849 μαθόντας
1189 1772 1463 1849 νησιώτας
1505 1798 1572 1833 τε
1613 1772 1706 1831 καὶ
1735 1769 1931 1834 Ἴωνας

332 1857 552 1934 ὗμνέειν
575 1857 757 1919 Ὦπίν
798 1882 863 1919 τε
904 1861 997 1919 καὶ
1030 1859 1267 1939 Ἄργην,
1315 1858 1688 1937 ὀνομάζοντάς
1730 1884 1794 1919 τε
1838 1858 1932 1917 καὶ

334 1944 675 2026 ἀγείροντας·
715 1943 905 2027 (οὗτος
940 1947 1002 2006 δὲ
1025 1945 1058 2007 ὅ
1083 1946 1265 2021 Ὠλήν
1291 1947 1384 2007 καὶ
1407 1946 1540 2010 τοῦς
1565 1944 1777 2008 ἄλλους
1800 1946 1931 2010 τούς

333 2033 611 2098 παλαιοῦς
646 2032 851 2110 ὕμνους
900 2032 1132 2109 ἐποίησε
1179 2038 1249 2092 ἐκ
1298 2034 1508 2109 Λυκίης
1559 2031 1754 2103 ε’λθῶν,
1799 2032 1932 2096 τούς

335 2120 683 2198 ἀειδομένους
714 2127 775 2183 ἐν
805 2121 1027 2201 Δήλῳ)
1068 2121 1162 2180 καὶ
1191 2122 1304 2180 τῶν
1333 2121 1544 2197 μηρίων
1570 2120 1930 2200 καταγιζομέ-

335 2233 443 2269 νων
468 2209 561 2269 ἔπὶ
584 2213 663 2289 τῷ
683 2211 862 2287 βωμῷ
885 2208 991 2284 τὴν
1016 2207 1252 2278 σποδόν,
1277 2206 1486 2283 ταύτην
1511 2208 1604 2267 ἐπὶ
1626 2206 1731 2283 τήν
1757 2206 1934 2283 θήκην

334 2300 439 2371 τῆς
451 2294 657 2360 Ὤπιός
693 2322 757 2356 τε
789 2297 882 2355 καὶ
905 2295 1122 2377 Ἀργης
1156 2295 1596 2373 ἀναισιμοῦσθαι
1621 2295 1930 2371 ἐπιβαλλο-

334 2385 527 2461 μένην·
567 2383 607 2459 ἤ
638 2383 699 2443 δὲ
736 2383 885 2459 θήκη
916 2384 1123 2445 αὐτέων
1161 2383 1286 2445 ἐστὶ
1315 2382 1519 2445 ὄπισθε
1543 2388 1647 2445 τοῦ
1681 2382 1933 2461 Ἀρτεμι-

336 2472 487 2542 σίου,
532 2472 674 2548 πρὸς
712 2470 797 2547 ήῶ
839 2472 1208 2548 τετραμμένη,
1254 2470 1546 2553 ἀγχοτάτω
1588 2476 1690 2534 τοΐ
1742 2473 1931 2549 Κηΐων

338 2559 701 2637 ἱστιητορίου.
770 2558 886 2618 Καὶ
918 2563 1095 2619 ταῦτα
1128 2561 1234 2636 μὲν
1270 2558 1661 2637 εΥπερβορέιον
1694 2561 1824 2637 πέρι
1863 2565 1932 2620 εἶ·
1951 2559 2026 2618 36

335 2644 554 2723 ρήσθω·
592 2646 695 2707 τόν
716 2645 829 2728 γὰρ
853 2647 984 2725 περὶ
1007 2645 1280 2724 Ἀβάριος
1304 2648 1480 2729 λόγον
1503 2652 1603 2708 τοῦ
1628 2649 1934 2727 λεγομένου

338 2733 481 2793 εἶναι
521 2733 881 2813 Ὕπερβορέω
922 2734 989 2794 οὗ
1034 2735 1204 2815 λέγω,
1251 2736 1434 2815 λέγων
1473 2734 1546 2799 οἷς
1593 2732 1696 2794 τόν
1740 2734 1935 2794 dtu-rav

336 2822 633 2899 περιέφερε
656 2822 801 2882 κατὰ
822 2824 1019 2883 πᾶσαν
1041 2821 1148 2898 τήν
1172 2826 1282 2901 γῆν
1307 2821 1466 2881 οὐδὲν
1491 2819 1831 2898 σιτεόμενος.
1888 2826 1938 2882 εἰ

338 2907 405 2967 δέ
428 2909 545 2969 εἰσί
564 2932 709 2974 τινες
730 2907 1101 2988 ’Υπερβόρεοι
1128 2906 1424 2983 ἅνθρωποι,
1453 2909 1564 2967 εἶσὶ
1592 2907 1684 2967 καὶ
1708 2907 1937 2986 ὑπερνό-

336 3020 450 3055 τιοι
473 2995 665 3057 ἄλλοι·
701 3000 853 3079 γελῶ
878 2997 941 3057 δὲ
964 2997 1138 3074 ὁρέων
1159 3000 1268 3077 γῆς
1300 2995 1590 3072 περιόδους
1616 2995 1940 3077 γράψαντας

338 3084 594 3167 πολλοὺς
627 3084 761 3163 ἤδη,
786 3085 883 3146 καὶ
914 3084 1025 3145 οὐδ’
1059 3085 1159 3146 ἕνα
1192 3082 1322 3145 νόον
1360 3084 1560 3164 ἔχοντα
1593 3083 1938 3165 ἐξηγησάμε-

338 3195 457 3232 νον·
498 3171 554 3231 οἳ
586 3170 855 3235 Ὠκεανόν
877 3197 941 3233 τε
964 3172 1166 3251 ῥέοντα
1197 3171 1488 3255 γράφουσι
1512 3172 1679 3250 πέριξ
1699 3171 1806 3248 τὴν
1827 3176 1940 3255 γῆν

340 3262 550 3322 ἐοῦσαν
589 3261 925 3340 κυκλοτερέα
965 3259 1037 3325 ὥς
1076 3258 1190 3322 οἷπό
1229 3259 1446 3340 τόρνου,
1475 3262 1567 3322 καὶ
1596 3259 1703 3338 τὴν
1735 3257 1940 3334 Ἀσίην
