2250 3500
311 132 536 199 27-30]
953 133 1276 184 mnpnn.
1820 133 1909 183 121

241 245 248 250 ·
307 211 472 274 ἀλλὰ
506 211 744 274 τοσόνδε
765 215 872 289 μὲν
902 211 1052 274 ἄλλο
1093 214 1186 274 ε’πὶ
1223 211 1575 290 μακρότατον
1611 209 1915 291 ἐπυθόμην,

308 302 482 380 μέχρι
507 303 612 378 μὲν
634 300 1040 376 Ἐλεφαντίνης
1071 300 1271 364 πόλιος
1308 299 1587 376 αὐτόπτης
1623 302 1816 372 ε’λθῶν,
1841 301 1912 362 τό

310 388 360 448 δ’
383 388 496 449 οἷπό
521 388 724 449 τούτου
742 388 886 466 οἷκοῇ
901 387 1010 464 ἤδη
1031 389 1313 465 ἱστορέων.
1380 386 1493 448 α’πό
1511 386 1913 466 Ἐλεφαντίνης

308 476 514 539 πόλιος
537 475 650 536 ἅνω
677 477 832 547 ἰόντι,
859 474 1086 540 ἅναντές
1111 481 1236 535 ε’στι
1261 476 1485 554 χωρίον·
1525 475 1699 556 ταύτῃ
1728 476 1803 537 ὧν
1828 477 1915 539 δεῖ

307 563 380 624 τὰ
405 567 610 624 πλοῖον
636 563 1009 639 διαδήσαντας
1038 562 1451 640 ἀμφοτέρωθεν,
1481 562 1725 641 κατάπερ
1750 566 1913 641 βοῦν,

308 650 668 728 πορεύεσθαι·
735 649 807 727 ἢν
845 651 906 711 δὲ
958 650 1271 732 ἀπορραγῇ,
1325 651 1393 712 vd
1444 654 1649 712 πλοῖον
1701 653 1907 732 οἴχεται

309 739 624 816 φερόμενον
674 739 786 800 &vra
841 739 1036 819 ἰσχύος
1086 742 1189 800 τοῦ
1239 739 1393 817 ῥόου.
1474 739 1541 800 τό
1594 739 1655 800 δὲ
1704 741 1908 820 χωρίον

307 831 480 887 τοῦτο
531 829 653 889 ἔστι
707 829 800 888 ε’πὶ
840 828 1052 905 ἡμέρας
1095 829 1374 906 τέσσερας
1422 826 1619 892 πλόος·
1679 829 1913 894 σκολιός

308 913 374 974 δὲ
422 916 614 996 ταύτῃ,
671 916 916 994 κατάπερ
961 916 995 975 ὁ
1036 916 1374 994 Μαίανδρος,
1420 917 1544 977 ἔστι
1595 915 1630 977 ὅ
1678 920 1909 982 Νεῖλος.

307 1006 536 1082 σχοῖνοι
575 1005 636 1064 δὲ
677 1003 919 1064 δυώδεκά
959 1007 1070 1064 εἶσι
1114 1000 1285 1076 οὗτοι,
1327 1004 1459 1068 τούς
1500 1004 1585 1064 δεῖ
1619 1005 1795 1085 τούτῳ
1832 1009 1911 1086 τῷ

305 1090 498 1171 τρόπῳ
549 1091 912 1153 διεκπλῶσαι·
967 1092 1060 1151 καὶ
1104 1094 1293 1153 ἔπειτα
1338 1092 1563 1163 ἀπίξεαι
1610 1098 1667 1157 ἐς
1716 1094 1909 1155 πεδίον

306 1182 480 1251 λεῖον,
523 1185 582 1240 ἐν
619 1185 697 1260 τῷ
735 1185 910 1257 νῆσον
949 1183 1225 1259 περιρρέει
1265 1180 1299 1241 6
1339 1185 1567 1245 Νεῖλος·
1615 1183 1906 1261 Ταχομψῶ

307 1266 520 1345 οὕνομα
547 1268 689 1348 αὖτῇ
717 1271 859 1329 ε’στί·
903 1270 1149 1330 οἰκέουσι
1179 1269 1239 1328 δὲ
1264 1269 1338 1328 τὰ
1367 1267 1480 1329 οἷπό
1506 1268 1909 1345 Ἐλεφαντίνης

305 1354 422 1414 ἅνω
447 1357 712 1421 Αἰθίοπες
749 1355 875 1434 ἤδη,
919 1357 1012 1416 καὶ
1050 1359 1152 1433 τῆς
1191 1355 1369 1432 νήσου
1407 1356 1475 1416 τὸ
1516 1354 1713 1432 ἥμισυ·
1753 1356 1819 1416 τὰ
1846 1357 1907 1417 δὲ

303 1441 502 1518 ἥμισυ,
529 1444 844 1526 Αἰγύπτιοι.
927 1447 1112 1524 ἔχεται
1154 1443 1215 1502 δὲ
1250 1447 1352 1518 τῆς
1391 1442 1569 1518 νήσου
1607 1443 1780 1519 λίμνη
1809 1469 1905 1520 με·

304 1530 478 1610 γάλη,
519 1532 624 1608 τήν
661 1533 828 1610 πέριξ
865 1532 1100 1609 νομάδες
1140 1532 1405 1595 Αἰθίοπες
1444 1531 1721 1606 νέμονται·
1801 1530 1907 1607 τήν

305 1619 663 1685 ὃιεκπλωσας
699 1627 755 1687 ἐς
785 1625 888 1683 τοῦ
920 1621 1137 1682 Νείλου
1175 1619 1242 1680 τό
1282 1620 1511 1696 ῥέεθρον
1548 1619 1713 1696 ἥξεις,
1740 1645 1806 1680 το
1848 1625 1905 1684 ἐς

302 1705 412 1784 τήν
437 1710 643 1788 λίμνην
667 1709 874 1787 ταύτην
900 1709 1120 1770 ἐκδιδοῖ·
1155 1708 1247 1769 καὶ
1274 1710 1463 1769 ἔπειτα
1489 1706 1730 1784 α’ποβας,
1751 1735 1905 1788 παρα

303 1795 406 1856 τᾶν
431 1798 686 1875 ποταμὸν
717 1798 1039 1875 ὁδοιπορίην
1063 1797 1332 1873 ποιήσεαι
1366 1791 1613 1873 ἡμερέων
1636 1799 1902 1875 τεσσερά-

305 1909 494 1944 κοντα·
537 1885 818 1946 σκόπελοί
836 1911 898 1945 τε
922 1885 1034 1966 γοῖρ
1061 1890 1119 1945 ἐν
1143 1889 1221 1964 τῷ
1245 1887 1437 1945 Νειλω
1462 1885 1674 1955 ὄξέες’
1638 1887 1903 1965 ανέχουσι

305 1972 400 2030 καὶ
439 1972 696 2052 χοιράδες
736 1974 958 2033 πολλαί
996 1976 1122 2043 εἶσι,
1167 1972 1235 2033 δι’
1280 1971 1355 2033 ὧν
1398 1972 1497 2033 οὔκ
1541 1972 1633 2032 οἶά
1673 1974 1739 2032 τέ
1778 1979 1901 2033 ε’στι

301 2060 518 2120 πλέειν·
561 2060 857 2131 διεξελθὼν
883 2061 944 2120 δὲ
971 2066 1028 2121 ἐν
1052 2064 1191 2139 τῇσι
1220 2059 1636 2137 τεσσεράκοντα
1659 2059 1905 2137 η’μέρῃσι

301 2150 473 2207 τοῦτο
521 2146 591 2209 τδ
637 2149 857 2227 χωρίον,
907 2146 1060 2212 αὖτις
1108 2152 1164 2211 ἐς
1218 2146 1406 2223 ἕτερον
1456 2148 1659 2205 πλοῖον
1704 2147 1901 2222 ἐμβάς,

302 2235 547 2315 δυώδεκα
570 2235 781 2313 ἡμέρας
805 2236 1097 2297 πλεύσεαι·
1142 2235 1235 2294 καὶ
1260 2236 1449 2294 ἔπειτα
1474 2233 1624 2310 ἥξεις
1651 2237 1706 2297 ἐς
1733 2232 1903 2295 πόλιν

300 2323 577 2403 μεγάλην,
603 2327 676 2401 τῇ
705 2322 914 2401 οὔνομά
939 2329 1063 2384 ε’στι
1089 2321 1309 2401 Μερόη·
1351 2323 1575 2403 λέγεται
1602 2321 1661 2381 δὲ
1699 2318 1839 2398 αὕτη
1862 2321 1902 2397 ή

300 2409 474 2473 πόλις
500 2410 638 2471 εἶναι
663 2413 1012 2490 μητρόπολις
1036 2415 1159 2472 τῶν
1174 2411 1367 2471 ἄλλων
1391 2410 1690 2472 Αἰθιόπων.
1774 2414 1827 2472 οἱ
1852 2410 1901 2471 δ’

304 2504 366 2558 ἐν
390 2498 564 2578 ταύτῃ
593 2501 706 2560 Δία
734 2501 872 2560 θεῶν
908 2500 999 2560 καὶ
1027 2499 1307 2560 Διόνυσον
1341 2500 1578 2578 μούνους
1613 2500 1900 2577 σέβονται,

302 2585 534 2651 τούτους
558 2613 622 2649 τε
645 2587 906 2669 μεγάλως
928 2592 1155 2666 τιμῶσι·
1198 2590 1294 2647 καί
1318 2596 1431 2664 σφι
1469 2588 1739 2666 μαντήϊον
1767 2589 1904 2651 Διὸς

304 2675 632 2751 κατέστηκε·
691 2676 1090 2753 στρατεύονται
1134 2674 1179 2735 δ’
1234 2675 1401 2736 ε’πεάν
1455 2682 1639 2751 σφεας
1690 2674 1722 2733 6
1776 2674 1901 2737 θεός

303 2760 469 2826 οὗτος
504 2758 704 2843 κελεύῃ
743 2763 844 2824 διὰ.
873 2763 1293 2841 θεσπισμάτων·
1350 2763 1456 2833 καὶ,
1484 2766 1557 2842 τῇ
1584 2760 1653 2821 ἂν
1690 2760 1902 2838 κελεύῃ,

303 2854 500 2911 ἐκεῖσε.
586 2851 732 2912 Ἀπο
767 2852 827 2911 δὲ
859 2852 1063 2927 ταύτης
1096 2855 1197 2927 τῆς
1236 2851 1436 2913 πόλιος
1465 2850 1667 2918 πλέων,
1706 2852 1764 2908 ἐν
1799 2849 1903 2927 ἴσῳ
1922 2850 2000 2908 30

301 2938 488 3019 χρόνῳ
515 2938 676 3021 ἄλλῳ
715 2940 927 3023 ἥξεις’
901 2967 958 3004 ες
993 2966 1122 3003 τους
1150 2939 1584 3016 Αυτομόλους,’
1559 2963 1617 2997 εν
1652 2960 1767 3015 οσῳ
1797 2962 1903 3013 περ

303 3027 370 3097 ἐξ
391 3026 796 3105 Ἐλεφαντίνης
815 3027 1033 3104 ἦλθες’
1009 3054 1062 3091 ες
1087 3028 1192 3103 τήν
1216 3024 1568 3104 μητρόπολιν
1592 3023 1696 3099 τὴν
1715 3022 1903 3083 Αἰθιό-

301 3140 442 3175 πων.
523 3120 678 3177 τοῖσι
713 3116 773 3175 δὲ
816 3114 1204 3193 Αὖτομόλοισι
1243 3114 1495 3173 τούτοισι
1535 3111 1745 3188 ουνομά
1784 3115 1906 3170 ε’στι

301 3202 559 3283 Ἀσμάχ·
602 3203 829 3265 δύναται
855 3204 915 3263 δὲ
939 3208 1105 3264 τοῦτο
1130 3202 1197 3263 vd
1233 3202 1363 3264 ἔπος
1404 3198 1544 3260 κατὰ
1568 3198 1673 3274 τήν
1696 3198 1905 3275 Ἑλλή·

303 3313 414 3353 νων
448 3296 729 3370 γλῶσσαν
760 3295 814 3351 οἱ
850 3290 912 3357 ἐξ
947 3289 1247 3369 ἀριστερῆς
1280 3284 1467 3367 χειρὸς
1500 3286 1904 3365 παριστάμενοι
