2250 3500
356 96 577 163 89—92]
1039 100 1310 151 eamn.
1861 100 1956 153 247

356 175 563 247 κόσιοι,
596 175 837 254 ἑκάστης
872 177 1085 255 ἡμέρης
1119 178 1197 242 εἷς
1229 178 1533 259 γινόμενος,
1571 178 1665 239 καὶ
1703 178 1958 239 τάλαντα

356 261 621 344 α’ργυρίου
650 264 1015 326 πεντακόσια·
1056 265 1266 326 τούτων
1289 266 1706 345 τεσσεράκοντα
1735 269 1838 343 μὲν
1863 268 1957 327 καὶ

356 349 554 413 ἕκατον
611 357 667 417 ἐς
715 352 821 428 τὴν
873 353 1263 430 φρουρέουσαν
1319 353 1490 413 ἵππον
1537 353 1641 429 τὴν
1693 356 1957 431 Κιλικίην

352 436 541 517 χιόρην
579 438 963 518 ἀναισιμοῦτο,
1004 440 1075 500 τσῖ
1104 440 1181 499 ’δὲ
1219 440 1514 517 τριηκόσια
1555 442 1647 500 καὶ
1689 441 1955 517 ἑξήκοντα

353 526 573 605 Δαρείῳ
618 528 839 603 ἐφοίτα·
901 527 1072 606 νομὸς
1122 527 1384 605 τέταρτος
1435 524 1614 590 οὗτος.
1694 526 1840 588 ’An-6
1893 529 1954 589 δὲ
1970 530 2043 589 91

354 607 698 682 Ποσειδηῒου
738 607 953 678 πόλιος,
995 608 1101 683 τήν
1145 606 1505 687 Ἀμφίλοχος
1549 607 1581 667 ὁ
1627 606 1952 685 Ἀμφιάρεω

353 692 532 753 οἴκισε
560 693 644 754 ἐπ’
671 693 892 771 οὔροισι
916 698 1069 755 τοῖσι
1096 695 1347 755 Κιλίκων
1371 721 1434 757 τε
1466 696 1559 754 καὶ
1593 694 1797 771 Σύρων,
1824 695 1950 772 ‹ipf—

351 778 555 857 άμενον
596 779 711 843 eim?
752 782 955 859 ταύτης
996 783 1170 861 μέχρι
1213 782 1516 865 Αἰγύπτου,
1559 781 1714 857 πλήν
1749 783 1952 859 μοίρης

349 870 451 942 τῆς
487 867 789 946 Ἀραβίων,
828 871 1025 950 (ταῦτα
1061 869 1174 950 γὰρ
1213 868 1285 945 ἦν
1322 868 1570 951 οἷτελέα,)
1605 869 1949 946 πεντήκοντα

351 954 444 1013 καί
483 955 782 1033 τριηκόσια
821 956 1073 1019 τάλαντα
1115 956 1292 1035 φόρος
1332 954 1422 1032 ἦν.
1504 958 1626 1018 ἔστι
1669 958 1728 1017 δὲ
1776 962 1835 1018 έν
1871 962 1952 1038 τῷ

348 1046 499 1122 νομῶ
520 1043 699 1123 τούτῳ
723 1044 951 1155 Φοινίκη
981 1070 1043 1105 τε
1076 1070 1240 1105 πασα
1277 1045 1370 1105 καὶ
1405 1046 1578 1121 Συρίη
1609 1071 1647 1121 η
1683 1050 1945 1106 Παλαισ-

346 1130 471 1207 τίνη
498 1132 824 1208 καλεομένη,
853 1132 945 1191 καὶ
982 1131 1231 1209 Κύπρος·
1272 1131 1442 1210 νομὸς
1476 1133 1729 1210 πέμπτος
1763 1158 1943 1198 ουτος.

348 1216 444 1276 ἐπ’
482 1218 769 1301 Αἰγύπτου
817 1220 893 1289 δὲ,
935 1220 1029 1279 καὶ
1068 1218 1299 1296 Λιβύων
1336 1223 1447 1279 τῶν
1485 1221 1807 1299 προσεχέων
1846 1224 1944 1280 Αἰ-

344 1304 556 1387 γύπτῳ,
601 1307 693 1366 καὶ
736 1305 999 1384 Κυρήνης
1037 1332 1101 1368 τε
1143 1307 1236 1366 καὶ
1279 1305 1516 1384 Βάρκης,
1561 1308 1640 1384 (ἐς
1682 1306 1794 1387 ’γὰρ
1843 1332 1946 1367 τον

344 1392 654 1475 Αἰγύπτιον
713 1419 889 1471 νυμον
942 1419 1105 1454 αυται
1166 1392 1582 1471 ἑκεκοσμέατο,)
1636 1393 1944 1453 ἑπτακόσια

332 1480 585 1558 ,προσήῖε
612 1480 879 1551 τάλαντα,
907 1480 1087 1559 πάρεξ
1110 1484 1214 1541 τοῦ
1240 1485 1300 1540 ἐκ
1334 1483 1435 1556 τῆς
1470 1479 1708 1556 Μοίριος
1739 1480 1941 1557 λίμνης

328 1569 635 1649 ,γινομένου
648 1568 930 1651 ἀργυρίου,
945 1567 1013 1629 τό
1035 1570 1246 1651 ἐγίνετο
1267 1574 1328 1629 ἐκ
1348 1570 1459 1628 τῶν
1479 1566 1700 1647 ἰχθύων.
1739 1566 1941 1629 τούτου

306 1673 317 1681 ·
339 1680 407 1716 τε
440 1655 509 1733 δη
547 1658 716 1737 χωρὶς
755 1660 857 1717 τοῦ
896 1655 1161 1739 ἀργυρίου
1203 1657 1296 1716 καὶ
1332 1681 1433 1716 του
1475 1656 1940 1734 ἐπιμετρουμένου

343 1744 507 1806 σίτου
544 1745 785 1823 προσήῖε
832 1745 1143 1806 επτακόσια
1186 1744 1456 1806 τάλαντα·
1507 1770 1650 1822 προς
1688 1743 1801 1826 γοῖρ
1842 1744 1939 1806 δύο

342 1833 453 1898 καὶ
477 1832 610 1894 δέκα
649 1859 885 1910 μυριασι
925 1829 1194 1912 Περσέων
1229 1853 1296 1895 ’τε
1334 1837 1489 1909 τοῖσι
1531 1838 1590 1893 ἐν
1628 1841 1704 1916 τῷ
1748 1840 1941 1915 Λευκῷ

340 1921 517 2000 τείχεϊ
549 1924 627 2001 τῷ
662 1926 721 1982 ἐν
750 1920 963 1998 Μέμφι
995 1921 1446 1996 κατοικημένοισι
1482 1920 1936 1997 καταμετρέουσι,

342 2009 437 2068 καὶ
474 2012 629 2070 τοῖσι
667 2008 874 2070 τούτων
915 2007 1281 2084 ἐπικούροισι·
1333 2007 1505 2084 νομὸς
1552 2007 1708 2070 ἕκτος
1754 2031 1933 2070 ουτος.

342 2096 693 2178 Σατταγύδαι
732 2097 807 2167 δὲ,
844 2096 940 2156 καὶ
972 2093 1290 2172 Γανδάριοι,
1331 2095 1424 2153 καὶ
1466 2093 1705 2152 Δαδίκαι
1741 2117 1804 2151 τε
1842 2094 1934 2151 καὶ

339 2183 665 2260 Ἀπαρύται,
707 2189 764 2248 ἐς
805 2182 981 2246 τῶὕτὸ
1027 2182 1372 2263 τεταγμένοι,
1416 2178 1803 2258 ἑβδομήκοντα
1843 2180 1936 2238 καὶ

340 2273 537 2333 ἑκατόν
565 2271 815 2332 τάλαντα
850 2270 1229 2350 προσέφερον·
1271 2269 1441 2346 νομός
1477 2264 1638 2331 οὗτος
1673 2267 1934 2345 ἕβδομος.

338 2357 454 2419 ‹ia-6
500 2359 733 2425 Σούσων
783 2359 859 2433 δὲ,
909 2359 1003 2418 καὶ
1045 2360 1150 2433 τῆς
1194 2355 1378 2433 ἄλλης
1429 2355 1690 2416 Κισσίων
1734 2354 1934 2434 χώρης,

337 2445 653 2524 τριηκόσια·
700 2446 870 2523 νομός
908 2445 1104 2527 ὄγδοος
1145 2442 1325 2509 οὗτος.
1405 2443 1551 2505 Ἀπό
1591 2445 1935 2522 Βαβυλῶνος
1952 2443 2029 2502 92

338 2535 417 2605 δε,
444 2535 538 2594 καὶ
567 2539 667 2612 τῆς
696 2537 902 2611 λοιπῆς
930 2533 1258 2611 Ἀσσυρίης,
1283 2533 1446 2613 χίλιά
1481 2536 1536 2593 οἰ
1565 2533 1806 2611 προσήῖε
1839 2530 1934 2592 τοὶ-

336 2626 521 2683 λαντα
563 2621 846 2704 ἀργυρίου,
891 2621 985 2682 καὶ
1026 2622 1220 2684 παῖδες
1265 2621 1514 2698 ἐκτομίαι
1558 2618 1934 2680 πεντακόσιοι·

337 2709 510 2787 νομὸς
550 2711 761 2774 εἴνατος
801 2735 982 2775 ουτος.
1048 2708 1163 2770 οἷπὸ
1204 2708 1265 2768 δὲ
1296 2706 1664 2788 Ἀγβατάνων
1704 2705 1798 2764 καὶ
1835 2703 1936 2781 τῆς

336 2799 543 2874 λοιπῆς
583 2797 857 2874 Μηδικῆς,
905 2797 997 2856 καὶ
1044 2794 1416 2873 Παρικανίων,
1463 2793 1556 2852 καὶ
1600 2791 1934 2869 Ὀρθοκορυ-

334 2883 598 2960 βαντίων,
644 2877 989 2960 πεντήκοντά
1032 2907 1096 2944 τε
1143 2881 1236 2940 καὶ
1285 2878 1621 2957 τετρακόσια
1663 2878 1932 2939 τάλαντα·

335 2971 508 3048 νομός
553 2972 780 3035 δέκατος
826 2968 1005 3034 οὗτος.
1086 2967 1346 3028 Κάσπιοι
1392 2967 1453 3027 δὲ
1494 2967 1588 3027 καί
1628 2965 1933 3036 Παυσίκαι,

337 3060 697 3138 Παντίμαθοί
716 3083 779 3120 τε
813 3058 907 3118 καὶ
933 3061 1216 3135 Δαρεῖται,
1247 3060 1302 3119 ές
1331 3052 1507 3115 τῶυτό
1534 3054 1934 3132 συμφέροντες,

336 3146 595 3223 διηκόσια
617 3147 871 3208 τάλαντα
895 3145 1216 3226 ἀπαγίνεον·
1258 3142 1426 3220 νομὰς
1452 3141 1734 3203 ἑνδέκατος
1759 3139 1932 3202 οὗτος.

335 3231 451 3304 ἅπὸ
496 3239 854 3314 Βακτριανῶν
900 3233 961 3292 δὲ
1012 3232 1182 3309 μέχρι
1234 3232 1473 3306 Αἰγλῶν,
1522 3228 1786 3302 ἑξήκοντα
1845 3227 1937 3284 καὶ
