2250 3500
347 97 438 149 178
973 98 1322 148 ΗΡοΛοΤοΤ
1840 97 1942 164 [Π.

338 181 450 238 τῶν
475 176 759 254 προτέρων
783 177 1076 253 βασιλέων
1103 175 1367 237 δεδόσθαι
1394 175 1705 253 ἐξαιρέτους
1731 174 1949 257 ἑκάστῳ

341 263 584 324 δυώδεκα
625 261 881 340 ἀρούρας·
921 262 1065 340 μετὰ
1112 263 1189 335 δὲ,
1238 263 1322 322 ἐπ’
1370 265 1657 343 Αἴγυπτον
1699 263 1949 324 ἐλαύνειν

341 350 589 429 στρατδν
624 351 806 432 μέγαν
842 349 1242 430 Σαναχάριβον
1277 351 1533 428 βασιλέα
1561 349 1849 429 Ἀραβίων
1883 375 1949 413 τε

343 439 437 499 καὶ
480 438 819 517 Ἀσσυρίων·
895 437 1070 500 οὔκων
1115 438 1185 514 δὴ
1234 439 1448 499 ἐθέλειν
1490 439 1621 502 τοῦς
1666 439 1949 517 μαχίμους

337 531 451 589 τῶν
501 529 819 609 Αἰγυπτίων
864 526 1147 604 βοηθέειν,
1192 525 1293 587 τόν
1334 525 1395 586 δὲ
1437 527 1558 605 ἱρέα
1600 531 1657 590 ἐς
1708 525 1947 604 ἀπορίην

338 614 727 693 ἀπειλημένον,
751 613 1062 675 ἐσελθόντα
1083 618 1139 677 ἐς
1155 613 1221 674 τό
1240 614 1488 694 μέγαρον
1511 613 1655 691 πρός
1670 611 1945 694 τῶγαλμα

337 702 720 783 ἀποδύρεσθαι
760 703 852 762 οἶα
891 700 1187 762 κινδυνεύει
1225 702 1471 762 παθέειν·
1519 701 1945 779 ὀλοφυρόμενον

339 789 388 852 δ’
427 790 539 870 ἄρα
575 816 674 869 μιν
713 790 969 850 ἐπελθεῖν
1009 788 1200 859 ὕπνον,
1228 789 1327 849 καί
1362 791 1417 849 οἶ
1456 787 1614 860 δόξαι
1646 793 1706 850 ἐν
1736 793 1808 867 τῇ
1842 788 1944 868 ὄψι

338 878 644 940 ἐπιστάντα
687 878 790 938 τᾶν
835 877 964 939 θεόν
1011 876 1325 955 θαρσύνειν,
1367 876 1440 940 ὥς
1485 875 1643 938 οὐδὲν
1686 878 1943 938 πείσεται

339 965 510 1047 ἄχαρι
550 964 818 1038 α’ντιάζων
853 965 955 1026 τόν
991 963 1280 1042 Ἀραβίων
1321 963 1587 1042 στρατόν·
1628 964 1795 1029 αὐτὸς
1828 965 1941 1046 γάρ

339 1057 394 1114 οἶ
417 1054 660 1132 πέμψειν
685 1051 978 1131 τιμωρούς·
1018 1051 1272 1112 τούτοισι
1306 1051 1375 1128 δή
1400 1077 1499 1129 μιν
1522 1052 1764 1114 πίσυνον
1786 1056 1942 1114 τοῖσι

340 1142 662 1216 ἐνυπνίοισι,
713 1139 1128 1219 παραλαβόντα
1179 1139 1495 1222 Αἰγυπτίων
1543 1140 1675 1204 τούς
1727 1141 1938 1217 βουλο-

336 1229 535 1306 μένους
561 1231 615 1289 οἶ
641 1229 878 1290 ἔπεσθαι
903 1227 1499 1306 στρατοπεδεύσασθαι
1526 1231 1587 1288 ἐν
1610 1228 1941 1308 Πηλουσίῳ·

335 1316 510 1397 ταύτῃ
559 1316 672 1398 γάρ
727 1320 838 1378 εἶσι
891 1319 952 1378 αῖ
1002 1315 1271 1393 ἐσβολαί·
1334 1315 1571 1377 ἔπεσθαι
1623 1314 1688 1374 δέ
1732 1318 1787 1376 οἱ
1830 1321 1942 1378 τῶν

336 1407 599 1487 μαχίμων
623 1407 729 1483 μὲν
755 1404 952 1465 οὐδένα
971 1402 1206 1482 ἀνδρῶν,
1232 1402 1521 1479 καπήλους
1544 1401 1605 1462 δὲ
1632 1403 1724 1463 καὶ
1748 1403 1941 1482 χειρώ-

335 1519 538 1557 νακτας
583 1493 676 1552 καὶ
719 1491 1018 1574 ἀγοραίους
1061 1490 1403 1569 ἀνθρώπους·
1463 1490 1701 1552 ἐνθαῦτα
1720 1567 1727 1573 ⁸
1746 1489 1940 1552 ἀπικο-

333 1581 533 1658 μένους
564 1583 719 1640 τοῖσι
757 1579 1058 1641 ἐναντίοισι
1089 1577 1315 1639 αὐτοῖσι
1350 1579 1713 1658 ἐπιχυθέντας
1746 1579 1941 1644 νυκτός

331 1673 441 1747 μῦς
466 1667 792 1746 άρουραίους
819 1665 960 1727 κατὰ
984 1668 1090 1744 μὲν
1121 1667 1356 1747 φαγέειν
1386 1666 1519 1730 τούς
1551 1671 1941 1745 φαρετρεῶνας

334 1755 531 1826 αὐτῶν,
570 1753 712 1815 κατὰ
750 1754 811 1814 δέ
847 1754 919 1815 τοὶ
958 1754 1114 1825 τόξα,
1156 1753 1299 1832 πρὸς
1339 1754 1399 1815 δὲ
1434 1758 1546 1816 τιὸν
1576 1754 1828 1817 ἀσπίδων
1863 1757 1940 1819 τὰ

334 1842 530 1923 ὄχανα,
558 1842 704 1903 ὥστε
736 1845 809 1922 τῇ
845 1841 1113 1921 ὕστεραίῃ
1146 1840 1466 1923 φευγόντων
1496 1842 1692 1919 σφέων
1714 1848 1940 1924 γυμνῶν

333 1930 572 2014 [ὅπλων]
613 1931 840 1991 πεσέειν
877 1929 1149 1993 πολλούς.
1233 1930 1326 1989 καὶ
1366 1934 1463 1991 νῦν
1503 1928 1664 1994 οὗτος
1694 1929 1729 1992 ὁ
1763 1932 1937 2007 βασι-

330 2018 462 2091 λεύς
489 2019 689 2098 ἔστηκε
728 2023 788 2080 ἐν
819 2022 898 2098 τῷ
936 2021 1032 2097 ἱριῖ
1061 2021 1164 2078 τοῦ
1197 2016 1525 2094 Ἡφαίστου
1550 2018 1771 2083 ’λίθινος
1797 2018 1939 2099 ἔχων

332 2107 424 2167 ἐπὶ
447 2111 550 2184 τῆς
573 2106 760 2187 χειρὸς
789 2110 916 2184 μῦν,
942 2107 1124 2185 λέγων
1150 2104 1242 2166 ὃιοὶ
1274 2104 1618 2187 γραμμάτων
1640 2105 1793 2168 τάδε·
1832 2108 1937 2173 ΕΣ

329 2201 494 2255 ΕΜΕ
525 2198 652 2261 ΤΙΣ
683 2195 967 2255 ΟΡΕΩΝ
997 2194 1359 2259 ΕΥΣΕΒΗΣ
1390 2194 1609 2258 ΕΣΤΩ.

244 2284 356 2341 142
411 2282 506 2347 Ἐς
544 2285 650 2359 μὲν
686 2280 922 2343 τοσόνδε
957 2285 1059 2343 τοῦ
1100 2280 1279 2363 λόγου
1313 2280 1618 2363 Αἰγύπτιοί
1645 2308 1711 2343 τε
1746 2282 1840 2343 καὶ
1878 2283 1938 2345 οἶ

335 2369 475 2447 ἱρέες
507 2371 720 2449 ἔλεγον,
751 2366 1166 2433 ἀποδεικνύντες
1205 2367 1317 2430 ἄπο
1356 2373 1460 2430 τοῦ
1499 2394 1723 2447 πρωτου
1761 2372 1936 2447 βασι·

330 2455 461 2519 λεος
501 2460 558 2519 ἐς
594 2460 698 2517 τοῦ
729 2454 1064 2539 Ἡφαίστου
1098 2456 1200 2519 τόν
1231 2457 1353 2536 ιρέα
1393 2459 1594 2518 τοῦτον
1624 2457 1725 2519 τόν
1748 2461 1936 2520 τελευ-

329 2546 489 2605 ταῖον
518 2542 951 2622 βασιλεύσαντα
981 2545 1118 2622 μίαν
1156 2570 1221 2606 τε
1260 2545 1355 2605 καὶ
1382 2545 1801 2622 τεσσεράκοντα
1840 2546 1937 2607 καὶ

327 2632 651 2711 τριηκοσίας
685 2630 986 2711 ἀνθρώπων
1020 2632 1215 2715 γενεᾶς
1247 2634 1565 2714 γενομένας,
1592 2633 1686 2693 καὶ
1722 2637 1783 2694 ἐν
1804 2632 1935 2694 ταύ-

326 2744 463 2799 τῃσι
513 2719 778 2800 α’ρχιρέας
828 2718 923 2779 καὶ
961 2720 1247 2796 βασιλέας
1299 2721 1587 2798 ἑκατέρους
1629 2720 1935 2786 τοσούτους

329 2808 678 2889 γενομένους.
761 2807 859 2868 καί
879 2832 970 2869 τοι
1003 2806 1321 2884 τριηκόσιαι
1356 2810 1462 2884 μὲν
1496 2807 1710 2886 ἀνδρῶν
1746 2810 1935 2891 γενεαὶ

328 2894 582 2956 δυνέαται
605 2895 778 2973 μύρια
803 2896 945 2955 ἔτεα·
977 2894 1166 2976 γενεαὶ
1189 2893 1301 2975 γάρ
1327 2899 1475 2973 τρεῖς
1499 2894 1713 2974 ἀνδρῶν
1738 2895 1934 2958 ἑκατὸν

328 2979 454 3041 ἔτεά
478 2987 621 3043 ἐστι·
659 2986 792 3059 μιῆς
819 2981 878 3041 δὲ
904 2982 997 3040 καὶ
1026 2981 1443 3057 τεσσεράκοντα
1474 2984 1556 3043 ἔτι
1584 2987 1695 3045 τῶν
1722 2983 1933 3045 ἐπιλοί-

327 3091 448 3128 πων
489 3070 734 3151 γενεέων,
789 3070 850 3128 αἲ
904 3071 1124 3144 ἐπῆσαν
1184 3071 1321 3145 τῇσι
1375 3071 1755 3149 τριηκοσίῃσι,
1809 3073 1935 3132 ἔστι

325 3155 758 3233 τεσσεράκοντα·
781 3154 876 3215 καὶ
908 3153 1205 3233 τριηκόσια
1242 3155 1337 3214 καὶ
1365 3158 1529 3235 χίλια
1564 3158 1708 3218 ἔτεα.
1790 3157 1937 3221 οὕτω

329 3238 390 3295 ἐν
422 3240 678 3315 μυρίοισί
705 3264 770 3302 τε
805 3242 958 3301 ἔτεσι
992 3239 1086 3300 καὶ
1117 3242 1365 3320 χιλίοισι
1399 3244 1494 3303 καὶ
1533 3244 1675 3323 πρὸς
1711 3270 1932 3325 τριηκο-

309 3417 362 3436 h-
