2250 3500
303 89 399 140 290
929 81 1297 133 ‘HPOAo'ro'r
1721 52 1738 70 ⁹
1783 81 1905 150 [IV.

304 167 396 227 καὶ
450 165 857 240 καταταμόντες
906 163 980 223 τοὶ
1026 163 1177 241 κρέα,
1219 160 1638 240 κατατάμνουσι
1677 160 1771 219 καὶ
1807 162 1910 224 τόν

301 260 403 315 τοῦ
469 253 763 330 δεκομένου
830 252 1107 313 τεθνεῶτα
1163 251 1352 332 γονέα·
1435 249 1800 326 ἀναμίξαντες
1851 249 1934 310 δὲ-

305 340 487 402 πάντα
521 341 593 401 τοὶ
626 343 777 417 κρέα,
805 341 968 401 δαῖτα
998 339 1379 416 προτιθέαται·
1419 335 1525 413 τήν
1561 337 1622 396 δὲ
1655 338 1912 414 κεφαλήν

308 428 479 490 αὐτοῦ
522 427 875 506 ψιλώσαντες
911 427 1004 487 καὶ
1040 425 1459 505 ἐκκαθήραντες,
1489 429 1914 506 καταχρυσοῦσι

310 517 403 578 καὶ
434 519 623 577 ἔπειτα
662 515 762 576 ἅτε
796 515 1085 597 ἀγάλματι
1118 515 1406 594 χρέωνται,
1435 515 1635 577 θυσίας
1658 514 1914 596 μεγάλας

312 606 565 669 ε’πετέους
606 605 997 667 ἐπιτελέοντες·
1037 607 1172 666 παῖς
1206 602 1267 662 δὲ
1297 601 1470 677 πατρὶ
1507 604 1676 662 τοῦτο
1715 601 1911 673 ποιέει,

310 693 556 770 κατάπερ
596 696 652 751 οἶ
680 691 959 768 Ἕλληνες
996 691 1069 751 τοὶ
1106 690 1355 772 γενέσια·
1396 687 1586 752 ἄλλως
1625 689 1686 748 δὲ
1711 689 1914 750 δίκαιοι

310 782 405 839 καὶ
445 779 599 840 οὗτοι
639 781 901 860 λέγονται
940 777 1099 838 εἶναι·
1155 777 1474 854 ἰσοκρατέες
1513 777 1574 836 δὲ
1613 775 1816 853 ὁμοίως
1853 781 1914 837 αἶ

308 871 563 948 γυναῖκες
614 871 769 927 τοῖσι
820 863 1077 944 ἀνδράσι.
1157 863 1526 946 γινώσκονται
1563 865 1669 942 μὲν
1708 863 1778 940 δὴ
1819 866 1912 925 καὶ

310 951 483 1014 οὗτοι.

215 1040 291 1102 27
360 1079 371 1092 ·
391 1041 469 1102 Τὸ
502 1041 562 1100 δὲ
592 1039 705 1101 α’πὸ
740 1040 949 1103 τούτων
974 1040 1041 1102 τό
1079 1040 1403 1121 κατύπερθε,
1437 1039 1763 1114 Ἰσσηδόνες
1799 1042 1912 1102 εἶσὶ

311 1131 366 1190 οἱ
415 1129 674 1210 λέγοντες
724 1128 854 1193 τούς
912 1128 1390 1207 μουνοφθάλμους
1447 1127 1769 1206 ἀνθρώπους
1821 1131 1914 1189 καὶ

308 1215 439 1280 τούς
478 1217 924 1297 χρυσοφύλακας
958 1216 1188 1295 Γρύπας
1223 1217 1380 1278 εἶναι·
1419 1217 1575 1294 παραὶ
1611 1217 1672 1276 δὲ
1705 1216 1914 1278 τούτων
1972 1281 1979 1288 ,

314 1304 525 1370 Σκύθαι
562 1304 994 1383 παραλαβόντες
1031 1305 1288 1387 λέγουσι·
1365 1304 1518 1382 παρσῖ
1559 1303 1620 1364 δὲ
1659 1303 1914 1369 Σκυθέων

310 1393 472 1471 ἡμεῖς
497 1397 551 1454 οἶ
577 1393 750 1454 ἄλλοι
774 1394 1154 1472 νενομίκαμεν,
1183 1392 1276 1452 καὶ
1311 1390 1690 1469 οὖνομάζομεν
1715 1391 1915 1458 αὖτοῦς

312 1482 583 1546 Σκυθιστὶ
620 1480 1027 1560 Ἀριμασπούς·
1074 1479 1344 1540 'APIMA
1388 1505 1501 1561 γαρ
1545 1479 1604 1540 ἓν
1643 1481 1914 1541 καλέουσι

214 1570 293 1630 28
313 1570 538 1642 Σκύθαι,
567 1569 783 1635 ΣΠΟΥ
808 1569 869 1628 δὲ
896 1594 997 1630 τον
1034 1566 1358 1644 ὀφθαλμόν.
1441 1569 1828 1646 Δυσχείμερος
1855 1569 1915 1628 δὲ

310 1655 451 1732 αὕτη
476 1657 514 1732 ἦ
552 1657 967 1734 καταλεχθεῖσα
1004 1680 1169 1716 πασα
1206 1653 1364 1763 χώρη
1401 1680 1540 1716 ουτω
1581 1655 1650 1730 δή
1685 1656 1747 1715 τί
1773 1660 1914 1726 ἐστι,

313 1745 445 1805 ἔνθα
468 1770 597 1809 τους
620 1747 725 1822 μὲν
762 1743 907 1805 dm&
942 1747 1055 1804 τῶν
1084 1747 1300 1823 μηνῶν
1284 1742 1598 1823 ἀφόρητος
1627 1744 1744 1808 οἶος
1766 1745 1916 1827 γίνε·

310 1858 405 1893 ται
432 1831 652 1911 κρυμὸς,
681 1836 741 1893 ἐν
764 1835 919 1893 τοῖσι
942 1830 1087 1909 ὕδωρ
1116 1832 1313 1913 ἐκχέας
1337 1832 1526 1909 πηλὸν
1553 1831 1618 1893 ού
1643 1832 1915 1909 ποιήσεις,

310 1924 424 1999 πῦρ
464 1921 525 1981 δὲ
569 1920 845 1982 ἀνακαίων
884 1918 1142 1997 ποιήσεις
1189 1920 1396 1997 πηλόν·
1462 1920 1501 1996 ἦ
1543 1920 1605 1980 δὲ
1643 1920 1920 1981 θάλασσα

312 2010 606 2092 πήγνυται,
652 2010 745 2070 καὶ
784 2009 817 2071 ὅ
858 2006 1162 2087 Βόσπορος
1198 2012 1312 2072 πᾶς
1349 2007 1384 2069 6
1425 2008 1756 2085 Κιμμέριος·
1823 2010 1918 2069 καὶ

314 2099 408 2157 ε’πὶ
431 2103 532 2159 τοῦ
569 2097 930 2179 κρυστάλλου
963 2100 1021 2158 οἱ
1058 2095 1214 2161 ε’ντός
1241 2095 1464 2175 τάφρης
1498 2095 1710 2161 Σκύθαι
1735 2121 1918 2159 κατοι-

312 2187 542 2264 κημένοι
582 2185 995 2265 στρατεύονται,
1034 2185 1128 2245 καὶ
1154 2183 1257 2248 τοὶς
1295 2184 1514 2262 ἁμάξας
1546 2183 1920 2245 ἐπελαύνουσι

261 2320 266 2324 -
312 2275 489 2350 πέρην
540 2279 596 2337 ές
646 2274 777 2338 τούς
829 2271 1076 2339 Σινδούς·
1145 2272 1288 2333 οὕτω
1336 2274 1442 2349 μὲν
1485 2270 1556 2347 δή
1600 2269 1734 2335 τούς
1772 2270 1918 2333 dxv-03

312 2364 495 2437 μῆνας
546 2360 812 2422 διατελέει
861 2358 1071 2439 χειμῶν
1122 2358 1246 2421 ἔιύν·
1311 2358 1442 2423 τούς
1489 2357 1540 2418 δ’
1593 2360 1920 2425 ἐπιλοίπους

310 2448 589 2525 τέσσερας
618 2447 805 2555 ψύχεα
834 2447 1092 2509 ath-60⁶⁹
1065 2448 1211 2509 εστί.
1291 2446 1631 2527 κεχώρισται
1669 2446 1733 2507 δὲ
1758 2444 1920 2512 οὗτος

310 2532 347 2593 ὁ
377 2560 588 2615 χειμων
623 2536 755 2599 τούς
790 2534 1033 2613 τρόπους
1066 2539 1221 2599 πᾶσι
1257 2538 1412 2596 τοῖσι
1451 2539 1510 2595 έν
1549 2532 1789 2594 ἄλλοισι
1811 2560 1921 2613 χω·

310 2622 488 2699 ρίοισι
518 2624 864 2704 γινομένοισι
901 2626 1164 2701 χειμῶσι·
1217 2628 1278 2685 έν
1313 2626 1393 2702 τῷ
1427 2621 1532 2697 τὴν
1569 2624 1676 2698 μὲν
1711 2621 1922 2700 ωραίην

312 2709 418 2769 οὐκ
468 2710 555 2771 ὕει
590 2710 770 2793 λόγου
810 2710 967 2781 ἄξιον
1012 2710 1188 2781 οὐδὲν,
1229 2709 1298 2771 τὸ
1350 2710 1410 2770 δὲ
1461 2710 1624 2788 θέρος
1664 2708 1774 2770 ὕων
1817 2709 1922 2769 οὐκ

315 2796 477 2857 α’νίει·
524 2799 767 2877 βρονταί
784 2824 849 2861 τε
872 2797 1017 2876 ἦμος
1040 2801 1114 2877 τῇ
1147 2796 1300 2877 αλλῃ
1324 2797 1593 2879 γίνονται,
1617 2799 1923 2873 τηνικαῦτα
2003 2836 2014 2847 ·

314 2885 419 2960 μὲν
470 2884 538 2944 οὗ
588 2885 857 2967 γίνονται·
924 2886 1115 2995 θέρεος
1165 2884 1228 2945 δὲ
1287 2884 1670 2962 ἀμφιλαφέες·
1733 2882 1808 2959 ἦν
1860 2883 1924 2943 δὲ

314 2975 585 3049 χειμῶνος
647 2972 865 3051 βροντὴ
930 2973 1174 3053 γένηται,
1233 2971 1304 3035 ὦς
1367 2972 1532 3049 τέρας
1596 2970 1924 3048 νενόμισται

314 3058 689 3133 θωμάζεσθαι·
730 3085 803 3123 ως
842 3060 904 3119 δὲ
943 3060 1037 3117 καὶ
1072 3058 1147 3135 ἢν
1185 3059 1426 3135 σεισμός
1462 3060 1707 3141 γένηται,
1747 3056 1818 3135 ἥν
1857 3082 1924 3119 τε

314 3140 579 3215 θέρεος”
538 3168 610 3219 ην
647 3169 712 3204 τε
747 3148 1037 3223 χειμῶνος,
1068 3149 1130 3205 ἐν
1167 3150 1243 3225 τῇ
1283 3147 1530 3226 Σκυθικῇ
1567 3147 1731 3224 τέρας
1771 3144 1924 3206 νενό-

314 3247 531 3295 μισται·
574 3228 737 3289 ἵπποι
778 3231 840 3290 δὲ
876 3230 1204 3311 ἀνεχόμενοι
1246 3235 1490 3313 φέρουσι
1530 3233 1633 3295 τόν
1672 3236 1924 3311 χειμῶνα
