2250 3500
351 183 416 228 62
962 177 1334 228 ·HPOA0·1·0·1·
1482 241 1487 246 ,
1887 173 1961 241 [1.

349 283 415 319 τε
459 258 553 318 καὶ
601 247 949 333 ἐβασίλευσε
993 256 1028 317 ὅ
1070 259 1205 320 παῖς
1248 255 1329 333 μὴ
1376 260 1440 315 ἐκ
1488 253 1754 332 προνοίης
1794 255 1964 325 τινὰς,

355 343 556 422 θάρσει
592 369 656 404 τε
693 343 896 404 τούτου
936 345 1116 404 εἵνεκα
1158 344 1249 402 καὶ
1284 341 1460 420 θυμὸν
1498 342 1590 421 ἔχε
1620 341 1853 423 οἷγαθόν·
1894 342 1966 402 οὗ

353 432 464 514 γάρ
506 434 586 491 ἔτι
622 430 690 493 τό
732 430 985 510 δεύτερον
1024 430 1198 511 ἄρξει.
1280 430 1436 508 παρᾷ
1475 430 1689 508 σμικροὶ
1717 429 1829 512 γὰρ
1868 432 1965 491 καὶ

352 525 462 582 τῶν
486 520 694 602 λογίων
715 519 853 599 ἡμῖν
879 522 994 582 ἔνια
1021 520 1318 600 κεχώρηκε·
1362 519 1455 578 καὶ
1482 517 1557 578 τά
1584 544 1654 600 γε
1682 523 1793 579 τῶν
1823 518 1965 580 ὀνει-

353 608 534 687 ράτων
575 607 814 688 ἐχόμενα
851 609 1055 672 τέλεως
1092 613 1148 671 ἐς
1184 608 1417 671 ἀσθενὲς
1457 605 1729 685 ἔρχεται.”
1806 605 1967 684 ἐμεί-

354 699 522 774 βεται
544 695 864 778 Ἀστυάγης
887 696 1098 756 τοῖσδε·
1127 704 1165 730 “
1182 696 1274 755 καὶ
1302 693 1482 766 αὐτὸς,
1510 694 1553 753 ὦ
1575 693 1767 776 μάγοι,
1784 694 1967 775 ταύτῃ

353 789 625 848 πλεῖστος
661 782 890 865 γνώμην
926 783 1055 859 εἰμὶ,
1091 783 1372 859 βασιλέος
1410 781 1823 859 ὀνομασθέντος
1858 789 1966 844 τοῦ

353 872 552 935 παιδός
597 870 811 947 ἐξήκειν
853 895 917 930 τε
961 870 1060 931 τόν
1103 868 1317 949 ὄνειρον
1362 871 1461 930 καί
1499 895 1601 947 μοι
1642 870 1742 931 τόν
1786 872 1967 932 παῖδα

352 964 552 1020 τοῦτον
586 958 724 1018 εἶναι
757 957 933 1018 δεινον
970 957 1189 1018 οὗδέν”
1160 984 1259 1018 ετι·
1291 958 1439 1036 ὅμως
1468 959 1573 1035 μέν
1601 984 1671 1039 γε
1699 984 1789 1019 τοι
1819 985 1964 1037 συμ-

352 1043 713 1124 βουλεύσατέ
740 1071 841 1122 μοι
868 1044 926 1104 εὖ
952 1046 1427 1124 περισκεψάμενοι
1449 1072 1523 1106 τα
1545 1047 1749 1123 μέλλει
1772 1045 1963 1123 οἷσφα-

355 1133 609 1194 λέστατα
655 1132 794 1193 εἶναι
839 1133 970 1192 οἴκω
1014 1158 1078 1194 τε
1124 1137 1203 1211 τῷ
1242 1135 1355 1214 ἐμῷ
1404 1135 1497 1193 καὶ
1539 1133 1705 1211 ὑμῖν)
1801 1135 1965 1197 εἶπαν

353 1221 494 1300 πρός
518 1225 694 1282 ταῦτα
719 1224 773 1281 οἱ
796 1221 990 1302 μάγοι·
1033 1230 1070 1256 “
1086 1221 1130 1281 ὦ
1160 1191 1428 1299 βασιλεῦ,
1456 1223 1549 1282 καὶ
1580 1221 1803 1283 αὐτοῖσι
1825 1222 1965 1301 ἡμῖν

355 1310 484 1387 περὶ
532 1313 758 1370 πολλοῦ
811 1311 935 1370 ἐστὶ
987 1310 1402 1388 κατορθοῦσθαι
1454 1309 1637 1390 ἀρχὴν
1680 1311 1785 1386 τὴν
1829 1311 1963 1388 σήν·

355 1398 541 1461 κείνως
578 1400 683 1476 μὲν
722 1397 835 1480 γάρ
877 1396 1278 1476 ἀλλοτριοῦται
1320 1401 1375 1461 ἐς
1414 1397 1515 1459 τόν
1553 1399 1729 1458 παῖδα
1763 1403 1965 1461 τοῦτον

355 1490 652 1565 περιῖοΰσα
693 1486 854 1548 ἐόντα
894 1487 1147 1563 Πέρσην,
1189 1485 1284 1546 καὶ
1319 1485 1499 1564 ἡμεῖς,
1534 1485 1715 1549 ἐόντες
1752 1489 1961 1563 Μῆδοι,

356 1574 707 1652 δουλούμεθά
758 1600 824 1635 τε
874 1575 968 1633 καὶ
1009 1573 1188 1655 λόγου
1240 1572 1462 1638 οὗδενός
1502 1573 1775 1656 γινόμεθα
1822 1576 1965 1654 πρός

355 1664 641 1738 Περσέων,
676 1662 856 1725 ἐόντες
889 1661 1075 1732 ξεῖνοι·
1110 1661 1213 1722 σέο
1246 1661 1294 1721 δ’
1326 1666 1655 1726 ἐνεστεῶτος
1684 1665 1965 1740 βασιλέος

356 1747 543 1813 ἐόντος
581 1748 880 1825 πολιήτεω,
923 1751 1016 1809 καὶ
1057 1748 1307 1829 ἄρχομεν
1344 1751 1413 1811 τὸ
1455 1752 1625 1830 μέρος
1666 1753 1759 1812 καὶ
1796 1754 1965 1829 τιμὰς

354 1836 497 1914 πρός
537 1839 640 1898 σέο
678 1836 1006 1919 μεγάλας”
975 1863 1195 1917 εχομεν.
1279 1864 1419 1898 ουτω
1460 1838 1536 1899 ὧν
1574 1838 1791 1903 πάντως
1827 1840 1966 1917 ημῖν

354 1924 460 1984 σέο
483 1950 548 1985 τε
573 1925 666 1984 καὶ
689 1929 792 2002 τῆς
815 1929 926 2002 σῆς
950 1923 1131 2005 ἀρχῆς
1154 1925 1471 2004 προοπτέον
1497 1927 1638 1987 ἐστί·
1675 1929 1767 1986 καὶ
1791 1932 1891 1988 νῦν
1915 1933 1965 1990 εἰ

355 2013 612 2094 φοβερόν
636 2040 694 2075 τι
719 2017 985 2093 ἑωρῶμεν,
1010 2018 1127 2075 πᾶν
1152 2012 1220 2074 ἄν
1245 2040 1344 2075 σοι
1377 2014 1825 2093 προεφράζομεν·
1864 2020 1964 2077 νῦν

355 2100 416 2160 δὲ
449 2100 887 2182 ἀποσκήψαντος
916 2107 1018 2163 τοῦ
1053 2103 1307 2163 ἐνυπνίου
1334 2107 1389 2166 ἐς
1414 2107 1690 2181 φλαῦρον,
1718 2102 1883 2163 αὐτοί
1900 2129 1963 2164 τε

353 2190 669 2270 θαρσέομεν
709 2192 802 2251 καὶ
842 2191 939 2252 σοὶ
979 2190 1141 2269 ἔτερα
1180 2196 1411 2251 τοιαῦτα
1445 2189 1961 2268 παρακελευόμεθα·

350 2277 450 2339 τᾶν
497 2278 559 2338 δὲ
601 2280 776 2338 παῖδα
818 2284 1018 2340 τοῦτον
1063 2278 1127 2348 ἐξ
1168 2277 1487 2356 ὀφθαλμῶν
1532 2278 1865 2357 ἀπόπεμψαι
1907 2285 1963 2345 ἐς

263 2366 370 2423 121
393 2366 626 2442 Πέρσας
649 2391 712 2424 τε
737 2366 830 2425 καὶ
853 2365 983 2428 τοῦς
1004 2365 1411 2447 γειναμένους.”
1481 2364 1759 2429 Ἀκούσας
1785 2371 1961 2427 ταῦτα

353 2449 386 2510 ὁ
410 2450 743 2533 Ἀστυάγης,
772 2452 947 2531 ἐχάρη
977 2478 1040 2511 τε
1067 2454 1161 2512 καὶ
1187 2455 1435 2518 καλέσας
1458 2454 1557 2514 τόν
1585 2460 1777 2531 Κῦρον
1802 2456 1964 2537 ἔλεγέ

355 2540 410 2597 οἱ
449 2537 600 2598 τάδε·
641 2538 738 2597 “ὦ
778 2544 900 2611 παῖ,
943 2542 1014 2600 σὲ
1053 2540 1166 2622 γὰρ
1210 2540 1317 2621 ἐγῶ
1360 2542 1429 2602 δι’
1470 2541 1601 2620 ὄψιν
1642 2542 1855 2619 ὀνείρου
1895 2543 1961 2603 οὗ

353 2625 553 2703 τελέην
584 2625 804 2704 ἠδίκεον
833 2632 906 2707 τῇ
938 2632 1185 2688 σεωυτοῦ
1209 2628 1278 2688 ’δὲ
1310 2631 1481 2709 μοίρῃ
1513 2632 1736 2708 περίεις,
1762 2634 1862 2690 νῦν
1886 2630 1960 2691 ὧν

352 2714 434 2775 ἴθι
465 2715 674 2795 χαίρων
713 2720 768 2780 ἐς
800 2717 1048 2795 Πέρσας,
1082 2716 1343 2794 πομπούς
1376 2718 1423 2777 δ’
1450 2716 1560 2798 ἐγῶ
1591 2716 1711 2794 ἅμα
1734 2718 1957 2795 πέμψω·

357 2804 535 2865 ἐλθών
577 2804 639 2865 δέ
682 2808 811 2877 ἐκεῖ,
854 2804 1069 2882 πατέρα
1109 2829 1174 2864 τε
1215 2806 1308 2864 καὶ
1345 2807 1560 2882 μητέρα
1602 2803 1856 2883 εὑρήσεις
1894 2831 1953 2865 οι

352 2916 494 2953 κατα
523 2892 890 2971 Μιτραδάτην
922 2918 986 2953 τε
1015 2891 1115 2953 τὸν
1146 2892 1434 2969 βουκόλον
1466 2892 1560 2952 καὶ
1588 2892 1693 2969 τὴν
1722 2896 1959 2975 γυναῖκα

494 2984 521 2999 ,-
541 2979 574 3000 η

352 2978 541 3039 αὐτου.
731 3035 735 3039 .

262 3064 374 3122 122
455 3070 645 3127 Ταῦτα
681 3068 839 3129 εἴπας
870 3064 903 3125 ὅ
926 3064 1250 3146 Ἀστυάγης
1274 3064 1597 3144 οἷποπέμπει
1621 3066 1720 3129 τόν
1746 3072 1956 3146 Κῦρον·

353 3152 710 3227 νοστήσαντα
733 3155 797 3213 δέ
828 3179 927 3230 μιν
961 3158 1016 3215 ἐς
1046 3156 1147 3212 τοῦ
1177 3153 1507 3230 Καμβύσεω
1531 3155 1605 3215 τοὶ
1637 3158 1783 3215 οἰκία
1816 3158 1959 3227 ἐδέξ-

352 3260 488 3296 αντο
536 3243 592 3298 οἱ
639 3240 970 3320 γεινάμενοι,
1025 3240 1118 3298 καὶ
1170 3238 1459 3316 δεξάμενοι
1508 3240 1605 3323 [ως
1663 3242 1959 3327 ἐπύθοντο]

359 3320 613 3403 μεγάλως
637 3324 976 3395 ἀσπάζοντο,
1003 3323 1097 3384 οἷα
1120 3324 1243 3399 δῆ’
1218 3325 1579 3404 επιστάμενοι
1608 3328 1807 3424 αυτίκα
1828 3330 1961 3394 τότε
