2250 3500
342 138 625 204 135-137]
1010 141 1278 192 emm.
1838 146 1934 197 267

340 219 541 279 κεσθαι
582 220 715 295 ἔφη.
796 218 1181 295 ἐντειλάμενος
1219 220 1282 281 δέ
1321 220 1416 280 καὶ
1457 220 1640 301 τούτῳ
1681 225 1861 282 ταῦτα
1903 222 1938 283 ὅ

338 308 575 381 Δαρεῖος
598 304 946 367 ἀποστέλλει
972 305 1173 370 αὐτοῦς
1199 307 1291 367 ἐπὶ
1317 308 1638 369 θάλασσαν.

421 386 789 462 Καταβάντες
814 386 875 446 δὲ
902 384 1059 447 οὗτοι
1084 392 1142 451 ἐς
1168 388 1428 463 Φοινίκην
1455 389 1546 447 καὶ
1561 389 1818 467 Φοινίκης
1844 393 1900 455 ἐς
1916 391 2028 451 136

336 472 554 537 Σιδῶνα
578 472 767 543 πόλιν,
793 472 991 534 αὐτίκα
1024 476 1130 550 μὲν
1153 474 1410 551 τριήρεας
1445 475 1546 534 δύο
1583 475 1936 553 ἐπλήρωσαν,

333 558 453 636 ἅμα
483 560 545 620 δὲ
581 560 792 639 αὖτῇσι
826 562 919 620 καὶ
947 561 1164 641 γαυλὸν
1188 563 1368 642 μέγαν
1391 563 1666 622 παντοίων
1693 562 1936 642 ἀγαθῶν.

330 648 849 725 παρεσκευασμένοι
888 648 949 707 δὲ
984 647 1174 709 πάντα
1203 650 1406 709 ἔπλεον
1431 654 1487 711 ἐς
1521 648 1628 724 τήν
1659 648 1932 721 Ἑλλάδα·

330 736 741 814 προσίσχοντες
780 735 858 805 δὲ,
886 735 1057 810 αὐτῆς
1090 735 1164 796 τά
1193 736 1642 814 παραθαλάσσια
1667 738 1928 813 ἐθηεῦντο

332 822 425 880 καὶ
456 821 871 904 ἀπεγράφοντο·
913 826 971 886 ἐς
994 821 1029 882 ὃ
1053 822 1125 882 τά
1151 823 1346 885 πολλὰ
1380 822 1550 899 αὐτῆς
1575 824 1669 884 καὶ
1695 823 1928 901 οὕνομα-

330 908 580 969 στότατα
620 909 957 987 θεησάμενοι
997 909 1266 971 ἀπίκοντο
1303 914 1406 987 τῆς
1444 910 1688 987 Ἰταλίης
1723 916 1780 975 ἐς
1818 913 1926 972 'Pd-

326 1020 522 1072 ραντα.
589 998 827 1058 ἐνθαῦτα
867 998 929 1057 δὲ
970 1002 1031 1057 ἐκ
1074 997 1362 1076 ῥηστώνης
1401 1001 1504 1075 τῆς
1551 999 1927 1076 Δημοκήδεος,

326 1082 793 1161 Ἀριστοφιλίδης
829 1090 941 1146 τῶν
978 1088 1329 1164 Ταραντίνων
1366 1086 1400 1147 ὅ
1440 1086 1722 1163 βασιλεῦς
1760 1091 1928 1149 τοῦτο

324 1173 431 1245 μὲν
454 1172 527 1231 τοὶ
552 1172 803 1247 πηδάλια
826 1174 1117 1250 παρέλυσε
1140 1178 1253 1235 τῶν
1278 1174 1573 1250 Μηδικέων
1597 1179 1746 1246 νεῶν,
1761 1178 1929 1236 τοῦτο

325 1258 387 1318 δὲ
424 1258 625 1324 αὐτους
654 1259 783 1323 τοῦς
814 1263 1046 1337 Πέρσας
1078 1262 1202 1338 ἔρξε
1240 1260 1311 1325 ὥς
1343 1261 1730 1326 κατασκόπους
1754 1262 1921 1338 δῆθεν

325 1345 535 1411 ἐόντας·
575 1352 636 1407 ἐν
662 1345 707 1427 ᾧ
740 1348 801 1407 δὲ
832 1345 987 1408 οὗτοι
1015 1352 1195 1407 ταῦτα
1223 1349 1495 1430 ἔπασχον,
1522 1348 1556 1407 ὅ
1589 1350 1924 1426 Δημοκήδης

321 1438 381 1497 ἐς
404 1434 509 1511 τήν
536 1434 807 1513 Κρότωνα
832 1435 1170 1496 ἀπικνέεται·
1196 1434 1506 1515 ἀπιγμένου
1523 1434 1582 1493 δὲ
1601 1434 1706 1511 ἤδη
1725 1435 1924 1497 τούτου

322 1525 380 1585 ἐς
403 1522 508 1597 τήν
532 1526 752 1593 ἑωυτοῦ,
780 1522 813 1583 ὁ
837 1522 1302 1601 Ἀριστοφιλίδης
1329 1522 1496 1581 ἔλυσε
1520 1520 1649 1584 τούς
1675 1522 1920 1599 Πέρσας,

321 1610 418 1669 καὶ
440 1609 512 1670 τά
538 1612 835 1687 παρέλαβε
858 1615 968 1671 τῶν
988 1614 1121 1671 νεῶν
1137 1609 1385 1669 ἀπέδωκέ
1409 1616 1540 1685 σφι.
1600 1609 1881 1673 Πλέοντες
1901 1612 2012 1671 137

321 1696 383 1759 δὲ
406 1698 657 1759 ἐνθεῦτεν
681 1701 735 1759 οἶ
761 1699 985 1778 Πέρσαι
1012 1699 1103 1758 καὶ
1130 1696 1417 1762 διώκοντες
1436 1696 1772 1774 Δημοκήδεα
1797 1696 1918 1759 ἀπι-

320 1786 573 1846 κνέονται
615 1793 671 1850 ἐς
714 1787 819 1864 τὴν
860 1787 1148 1865 Κρότωνα,
1193 1786 1442 1865 εὖρόντες
1481 1787 1545 1848 δέ
1581 1812 1680 1864 μιν
1718 1785 1920 1868 ἀγορά-

318 1873 503 1944 ζοντα,
538 1874 783 1936 ἅπτοντο
816 1874 1007 1935 αὐτοῦ·
1047 1879 1161 1935 τῶν
1193 1874 1252 1936 δὲ
1285 1874 1711 1958 Κροτωνιητέων
1737 1877 1792 1934 οἱ
1815 1877 1922 1951 μὲν

320 1963 786 2039 καταρρωδέοντες
808 1962 881 2022 τοὶ
907 1963 1168 2040 ΠερσιινειιῒΙ
1193 1962 1498 2042 πρήγματα
1513 1963 1762 2040 προϊέναι
1782 1965 1918 2023 ἐτοῖ-

317 2073 419 2125 μοι
442 2049 612 2125 ἦσαν,
637 2054 693 2111 οἶ
726 2051 787 2110 δὲ
821 2049 1170 2111 ἀντάπτοντό
1193 2075 1259 2109 τε
1285 2050 1379 2108 καὶ
1400 2052 1556 2109 τοῖσι
1582 2048 1918 2109 σκυτάλοισι

319 2137 512 2198 ἔπαιον
534 2137 666 2201 τούς
690 2139 938 2216 Πέρσας,
964 2135 1412 2215 προϊσχομένους
1437 2137 1572 2194 ἔπεα
1597 2134 1746 2194 τάδε·
1773 2144 1810 2169 “
1825 2132 1916 2194 ἅν-

318 2223 442 2302 δρες
468 2230 866 2302 Κροτωνιῆται,
894 2225 1062 2302 ὁρᾶτε
1084 2223 1158 2284 τὰ
1182 2223 1417 2284 ποιέετε·
1449 2221 1622 2300 ἀνδρα
1640 2221 1918 2297 βασιλέος

318 2311 595 2389 δρηπέτην
616 2313 916 2394 γενόμενον
941 2313 1277 2390 ἐξαιρέεσθε·
1306 2311 1399 2370 καὶ
1426 2314 1533 2374 κῶς
1554 2313 1729 2370 ταῦτα
1743 2311 1914 2385 βασι·

316 2401 411 2460 λέϊ
446 2402 663 2481 Δαρείῳ
693 2401 959 2481 ἐκχρήσει
996 2399 1432 2478 περιϋβρίσθαι;
1476 2403 1582 2462 κῶς
1607 2398 1668 2458 δὲ
1690 2397 1820 2474 ὑμῖν
1844 2397 1917 2458 τά

315 2488 617 2564 ποιεύμενα
642 2489 753 2559 ἔξει
780 2492 979 2559 καλῶς,
1006 2487 1075 2564 ἢν
1100 2486 1396 2564 ἀπέλησθε
1421 2486 1630 2564 ήμέας;
1673 2488 1764 2546 ε’πὶ
1788 2485 1913 2547 τίνα
1965 2518 1970 2523 ·

316 2575 379 2635 δὲ
414 2576 592 2651 τῆσδε
630 2577 907 2653 προτέρην
944 2574 1410 2652 στρατευσόμεθα
1449 2575 1654 2645 πόλεν;
1693 2575 1819 2636 τίνα
1853 2573 1914 2633 δὲ

314 2664 591 2741 προτέρην
615 2663 1119 2741 ἀνδραποδίζεσθαι
1144 2662 1530 2740 πειρησόμεθα
1549 2660 1597 2729 ;”
1626 2664 1800 2720 ταῦτα
1820 2661 1910 2719 λέ-

314 2776 508 2832 γοντες
530 2751 661 2815 τούς
686 2750 1079 2828 Κροτωνιήτας
1104 2750 1204 2810 οὐκ
1232 2749 1306 2810 ὧν
1333 2749 1570 2808 ἔπειθον·
1610 2745 1741 2805 ἀλλ’
1770 2747 1910 2815 ἐξαι-

312 2839 564 2915 ρεθέντες
602 2865 666 2900 τε
696 2839 797 2900 τὸν
824 2838 1164 2916 Δημοκήδεα
1191 2837 1282 2894 καὶ
1306 2835 1406 2896 τόν
1428 2833 1644 2916 γαυλόν
1668 2832 1766 2893 τὸν
1791 2832 1909 2908 ἅμα

312 2925 521 3006 ἤγοντο
556 2925 943 3002 ἀπαιρεθέντες
968 2924 1255 2984 ἀπέπλεον
1279 2922 1461 2982 ὀπίσω
1488 2926 1544 2984 ἐς
1566 2918 1670 2995 τὴν
1692 2919 1910 2994 Ἀσίην,

313 3012 428 3074 οὐδ’
468 3014 548 3074 ἔτι
588 3013 863 3090 ἐζήτησαν
897 3011 965 3072 τό
1000 3010 1335 3088 προσωτέρω
1361 3013 1461 3084 τῆς
1483 3007 1761 3070 Ἑλλάδος
1787 3004 1912 3065 οἷπι·

316 3100 540 3179 κόμενοι
578 3102 855 3179 ἐκμαθεῖν,
884 3099 1243 3176 ἐστερημένοι
1273 3101 1374 3157 τοῦ
1407 3095 1698 3176 ἡγεμόνος.
1778 3118 1911 3153 τοσ-

314 3189 441 3250 ὅνδε
489 3190 681 3267 μέντοι
734 3186 1047 3248 ἐνετείλατό
1089 3191 1204 3261 σφι
1251 3183 1585 3260 Δημοκήδης
1637 3180 1906 3262 ἀναγομέ-

312 3301 481 3348 νοισι,
524 3275 760 3346 κελεύων
800 3278 973 3334 εἰπεῖν
1011 3272 1198 3349 σφέας
1237 3271 1453 3349 Δαρείῳ
1499 3269 1586 3330 ὅτι
1631 3267 1914 3346 ἅρμοσται
