2250 3500
304 111 400 160 18⁰
899 107 1269 159 ἮΡοΔοτοτ
1807 109 1909 172 [11.

301 214 400 266 μοι
431 188 524 246 καὶ
549 186 706 248 ἄλλα
736 185 1008 265 τεκμήριά.
1033 191 1160 246 ἐστι
1188 189 1359 247 τοῦτο
1392 185 1535 248 οὕτω
1566 186 1730 266 ἔχειν,
1760 189 1819 249 ἓν
1850 189 1914 249 δὲ

303 276 397 336 καὶ
419 274 564 345 τόδε,
593 274 681 335 ὅτι
705 299 768 335 τε
793 278 896 335 τοῦ
921 274 1237 353 “Ηρακλέος
1269 272 1471 334 τούτου
1502 277 1559 334 οἶ
1590 275 1780 356 γονέες
1806 275 1914 354 οἶμ-
1954 309 1959 318 ·

304 362 536 440 φότεροι
566 360 734 437 ἦσαν,
759 361 1118 440 Ἀμφιτρύων
1150 361 1245 422 καὶ
1279 360 1589 438 Ἀλκμήνη,
1616 362 1915 444 γεγονότες

302 450 370 510 τὸ
397 449 662 512 ἀνέκαθεν
692 449 785 510 ἀπ’
813 450 1120 531 Αἰγύπτου·
1164 449 1258 508 καὶ
1286 447 1431 509 διότι
1456 449 1755 530 Αἰγύπτιοι
1783 450 1914 512 οὔτε

307 538 686 602 Ποσειδέωνος
733 537 861 599 οὔτε
905 536 1269 614 Διοσκούρων
1313 536 1388 597 τοὶ
1434 536 1717 614 οὐνόματά
1759 545 1912 615 φασι

305 625 518 697 εἰδέναι,
547 625 676 687 οὐδέ
705 633 820 705 σφι
857 627 974 686 θεοὶ
1005 623 1165 686 οὗτοι
1192 630 1253 685 ε’ν
1274 628 1429 686 τοῖσι
1454 623 1691 686 ἄλλοισι
1724 627 1911 688 θεοῖσι

304 711 725 794 ἀποδεδέχαται.
795 713 886 774 καὶ
908 712 1025 791 μὴν
1053 713 1104 772 εἴ
1127 739 1194 794 γε
1218 711 1348 790 παρ’
1372 711 1666 788 Ἑλλήνων
1693 715 1911 791 ἔλαβον

305 800 517 879 οὔνομά
545 827 641 862 τευ
673 802 947 879 δαίμονος,
981 799 1192 862 τούτων
1232 799 1337 860 οὐκ
1368 799 1577 875 ἥκιστα
1606 800 1764 861 ἀλλὰ
1800 802 1909 878 μά-

303 893 480 950 λιστα
514 891 755 966 ἔμελλον
788 887 1014 966 μνήμην
1055 889 1213 959 ἕξειν,
1242 889 1395 965 εἴπερ
1430 889 1523 947 καὶ
1559 888 1690 948 τότε
1724 914 1911 950 ναυτι-

302 979 466 1054 λίῃσι
500 977 786 1056 ἐχρέωντο,
823 977 918 1036 καὶ
949 975 1100 1053 ἦσαν
1131 975 1422 1052 Ἑλλήνων
1453 977 1598 1040 τινὲς
1632 981 1911 1050 ναυτιλοις

304 1062 375 1128 ὦς
411 1064 660 1141 ἔλπομαί
687 1089 751 1126 τε
787 1065 880 1124 καὶ
915 1065 1022 1140 ε’μή
1052 1063 1247 1145 γνώμη
1280 1063 1469 1142 αἱρέει·
1513 1063 1663 1124 ὥστε
1693 1063 1907 1127 τούτων

301 1149 371 1212 ἂν
401 1151 494 1210 καὶ
523 1155 752 1228 μᾶλλον
780 1155 892 1212 τῶν
932 1152 1072 1213 θεῶν
1111 1151 1184 1212 τοὶ
1218 1150 1503 1228 οὐνόματα
1542 1153 1905 1222 ἐξεπιστέατο

302 1238 597 1320 Αἰγύπτιοι
627 1238 666 1316 ἦ
689 1244 790 1301 τοῦ
814 1239 1145 1316 Ἡρακλέος.
1213 1237 1369 1299 ἀλλά
1397 1264 1482 1302 τις
1513 1237 1748 1318 α’ρχαῖός
1778 1245 1905 1302 ε’στι

303 1327 429 1391 θεὸς
469 1328 829 1410 Αἰγυπτίοισι
857 1327 1193 1406 Ἠρακλέης·
1234 1325 1306 1390 ὥς
1345 1327 1407 1386 δὲ
1447 1325 1607 1387 αὐτοὶ
1644 1328 1901 1409 λέγουσι,

299 1416 424 1477 ἕτεά
449 1421 574 1477 ἔστι
605 1417 1003 1497 ἑπτακισχίλια
1035 1416 1129 1476 καὶ
1161 1414 1331 1493 μύρια
1366 1418 1422 1478 ές
1447 1413 1704 1491 Ἀμασιν
1726 1418 1903 1493 βασι-

297 1504 598 1576 λεύσαντα,
627 1507 752 1565 ε’πεί
771 1531 834 1566 τε
866 1508 926 1563 ἐκ
951 1506 1060 1564 τῶν
1087 1502 1231 1564 ὀκτὼ
1258 1503 1398 1563 θεῶν
1426 1505 1481 1562 οἱ
1512 1501 1755 1564 δυώδεκα
1781 1505 1903 1566 θεοὶ

203 1591 282 1649 44
301 1593 570 1672 ἐγένοντο,
596 1596 708 1653 τῶν
736 1592 1026 1670 Ἡρακλέα
1061 1591 1159 1652 ἕνα
1187 1590 1497 1668 νομίζουσι.
1568 1593 1686 1651 Καὶ
1704 1592 1902 1654 θέλων

299 1679 360 1737 δὲ
387 1678 594 1740 τούτων
623 1679 754 1759 πέρι
783 1679 969 1755 σαφές
997 1703 1055 1738 τι
1095 1677 1294 1738 εἰδέναι
1335 1678 1398 1748 ἐξ
1436 1674 1513 1738 ὦν
1552 1676 1671 1739 οἶόν
1708 1704 1772 1740 τε
1808 1678 1898 1758 ἦν,

298 1767 548 1827 ἔπλευσα
587 1768 680 1827 καὶ
719 1773 776 1831 ἐς
813 1766 994 1844 Τύρον
1030 1770 1133 1843 τῆς
1172 1767 1445 1844 Φοινίκης,
1486 1767 1901 1845 πυνθανόμενος

301 1853 494 1915 αὐτόθι
515 1854 655 1915 εἶναι
681 1854 800 1934 ἱρὸν
819 1854 1132 1933 Ἡρακλέος
1152 1853 1332 1936 ἅγιον·
1361 1856 1454 1914 καὶ
1473 1856 1593 1916 ἴδον
1611 1857 1901 1922 πλουσίως

298 1944 814 2021 κατεσκευασμένον
854 1941 1096 2004 ἄλλοισί
1133 1969 1197 2005 τε
1238 1946 1517 2004 πολλοῖσι
1556 1942 1897 2021 ἀναθήμασι,

300 2031 394 2091 καὶ
418 2036 478 2093 ἐν
505 2030 652 2112 αὐτῷ
668 2032 818 2109 ἦσαν
837 2036 1049 2109 στῆλαι
1069 2031 1187 2102 δύο,
1202 2029 1240 2108 ἦ
1260 2034 1364 2108 μὲν
1378 2035 1595 2111 χρυσοῦ
1616 2031 1895 2108 ἀπέφθου,

297 2120 338 2197 ἦ
363 2120 424 2181 δὲ
449 2121 782 2204 σμαράγδου
807 2123 974 2183 λίθου
1005 2120 1331 2200 λάμποντος
1360 2120 1463 2184 τὰς
1493 2118 1692 2184 νύκτας
1724 2120 1897 2202 μέγα·

298 2210 414 2273 θος·
456 2214 512 2274 ἐς
535 2210 741 2292 λόγους
767 2211 828 2271 δὲ
859 2209 1039 2271 ἐλθῶν
1061 2214 1219 2270 τοῖσι
1250 2211 1430 2285 ἱρεῦσι
1460 2211 1561 2269 τοῦ
1594 2208 1722 2269 θεοῦ
1756 2208 1897 2287 εἰρό-

293 2323 408 2375 μην
437 2297 641 2361 ὁκόσος
673 2296 872 2376 χρόνος
903 2298 987 2373 εἶη
1024 2297 1087 2366 ἐξ
1125 2294 1192 2356 οὗ
1228 2302 1342 2372 σφι
1375 2295 1443 2357 τὸ
1485 2295 1605 2374 ἶρόν
1646 2296 1893 2373 ἵδρυται,

297 2382 458 2461 εὗρον
478 2385 538 2443 δὲ
564 2384 689 2443 οὐδὲ
712 2382 938 2447 τούτους
963 2386 1116 2444 τοῖσι
1131 2383 1388 2461 Ἕλλησι
1413 2384 1893 2462 συμφερομένους·

296 2471 520 2548 ἔφασαν
557 2470 668 2551 γοὶρ
701 2470 820 2548 ἅμα
858 2471 1018 2549 Τύρῳ
1053 2473 1365 2553 οἰκιζομένῃ
1403 2474 1495 2531 καὶ
1533 2473 1599 2534 τὸ
1642 2472 1761 2550 ῑρόν
1790 2477 1895 2534 τοῦ

295 2560 426 2620 θεοῦ
455 2557 757 2636 ἱδρυθῆναι·
798 2558 938 2621 εἶναι
968 2560 1028 2619 δὲ
1061 2560 1185 2621 ἔτεα
1217 2559 1317 2638 ἀφ’
1346 2558 1412 2621 οὗ
1444 2561 1623 2639 Τύρον
1649 2560 1895 2621 οἰκέουσι

293 2645 592 2725 τριηκόσια
631 2647 723 2708 καὶ
763 2647 1036 2728 δισχίλια.
1105 2647 1253 2709 εἶδον
1292 2648 1352 2709 δὲ
1393 2653 1451 2709 ἐν
1490 2654 1562 2728 τῇ
1600 2648 1759 2729 Τύρῳ
1800 2650 1895 2709 καὶ

295 2736 448 2799 ἄλλο
501 2736 622 2815 ἶρὸν
667 2735 994 2815 Ἡρακλέος,
1042 2737 1355 2815 ἐπωνυμίην
1402 2738 1628 2817 ἔχοντος
1672 2737 1893 2797 Θασίου

295 2824 454 2886 εἶναι·
494 2823 774 2903 ἀπικόμην
805 2824 866 2883 δὲ
901 2824 995 2884 καὶ
1029 2828 1085 2889 ές
1121 2823 1332 2896 Θάσον,
1367 2828 1427 2885 ἔν
1459 2828 1532 2904 τῇ
1568 2822 1732 2903 εὗρον
1772 2823 1895 2902 ἶρὸν

292 2912 605 2990 Ἡρακλέος
627 2912 738 2973 fies-6
765 2913 1032 2973 Φοινίκων
1058 2911 1363 2988 ἱδρυμένον,
1392 2911 1447 2971 οἳ
1476 2911 1595 2973 κατ’
1622 2910 1894 2989 Εὐρώπης

296 3000 530 3076 ζήτησιν
557 3000 944 3063 ἐκπλώσαντες
968 2998 1163 3059 Θάσον
1190 2999 1432 3059 ἔκτισαν·
1475 3000 1569 3059 καὶ
1598 3004 1774 3060 ταῦτα
1799 3000 1893 3059 καὶ

265 3076 272 3083 ’
295 3086 459 3146 πέντε
485 3091 713 3166 γενεῇσι
741 3086 954 3163 ἀνδρῶν
979 3084 1225 3163 πρότερά
1250 3090 1373 3146 ἐστι
1397 3084 1435 3161 ἦ
1460 3086 1559 3147 τὸν
1583 3086 1894 3164 Ἀμφιτρύ-

296 3195 430 3234 ωνος
453 3172 742 3248 Ἡρακλέα
771 3178 832 3233 ἐν
856 3176 928 3251 τῇ
957 3170 1197 3231 Ἑλλάδι
1219 3172 1503 3252 γενέσθαι.
1569 3173 1643 3233 τὰ
1665 3175 1771 3250 μέν
1796 3199 1897 3235 νυν

297 3257 636 3332 ἱστορημένα
666 3259 834 3335 δηλοῖ
871 3258 1098 3334 σαφέως
1132 3257 1377 3319 παλαιὸν
1413 3259 1542 3320 θεὸν
1580 3260 1680 3321 τόν
1718 3260 1895 3340 Ἠρα-
