<?xml version="1.0" encoding="UTF-8"?>
<!DOCTYPE html PUBLIC "-//W3C//DTD XHTML 1.0 Transitional//EN"
    "http://www.w3.org/TR/xhtml1/DTD/xhtml1-transitional.dtd">
<html xmlns="http://www.w3.org/1999/xhtml" xml:lang="en" lang="en">
 <head>
  <title>
</title>
<meta http-equiv="Content-Type" content="text/html;charset=utf-8" />
  <meta name='ocr-system' content='tesseract 3.04.00' />
  <meta name='ocr-capabilities' content='ocr_page ocr_carea ocr_par ocr_line ocrx_word'/>
</head>
<body>
  <div class='ocr_page' id='page_1' title='image "./herodotus04blakgoog_0209.png"; bbox 0 0 2250 3500; ppageno 0'>
   <div class='ocr_carea' id='block_1_1' title="bbox 298 108 2020 3382">
    <p class='ocr_par' dir='ltr' id='par_1_1' title="bbox 298 108 2020 2284">
     <span class='ocr_line' id='line_1_1' title="bbox 326 108 2020 173; baseline 0.003 -16"><span class='ocrx_word' id='word_1_1' title='bbox 326 108 601 173; x_wconf 73' lang='lat' dir='ltr'>lea-172]</span> <span class='ocrx_word' id='word_1_2' title='bbox 950 114 1276 163; x_wconf 69' lang='lat' dir='ltr'><strong>mmmm.</strong></span> <span class='ocrx_word' id='word_1_3' title='bbox 1819 114 1915 163; x_wconf 74' lang='lat'>19³</span> <span class='ocrx_word' id='word_1_4' title='bbox 2000 134 2020 154; x_wconf 56' lang='grc' dir='ltr'><em>κ</em></span> 
     </span>
     <span class='ocr_line' id='line_1_2' title="bbox 318 184 1918 269; baseline 0.003 -25"><span class='ocrx_word' id='word_1_5' title='bbox 318 184 609 263; x_wconf 78' lang='grc' dir='ltr'>ἠσκημένη</span> <span class='ocrx_word' id='word_1_6' title='bbox 634 186 906 249; x_wconf 77' lang='grc' dir='ltr'>στύλοισί</span> <span class='ocrx_word' id='word_1_7' title='bbox 926 214 990 249; x_wconf 85' lang='grc' dir='ltr'>τε</span> <span class='ocrx_word' id='word_1_8' title='bbox 1026 190 1281 265; x_wconf 86' lang='grc' dir='ltr'>φοίνικας</span> <span class='ocrx_word' id='word_1_9' title='bbox 1309 190 1382 252; x_wconf 71' lang='grc' dir='ltr'><strong>ταῖ</strong></span> <span class='ocrx_word' id='word_1_10' title='bbox 1421 190 1644 269; x_wconf 87' lang='grc' dir='ltr'>δένδρεα</span> <span class='ocrx_word' id='word_1_11' title='bbox 1678 214 1918 269; x_wconf 84' lang='grc' dir='ltr'>μεμιμη-</span> 
     </span>
     <span class='ocr_line' id='line_1_3' title="bbox 316 274 1916 359; baseline 0.003 -25"><span class='ocrx_word' id='word_1_12' title='bbox 316 275 539 349; x_wconf 81' lang='grc' dir='ltr'>μένοισι</span> <span class='ocrx_word' id='word_1_13' title='bbox 564 276 657 334; x_wconf 82' lang='grc' dir='ltr'>καὶ</span> <span class='ocrx_word' id='word_1_14' title='bbox 680 279 753 352; x_wconf 83' lang='grc' dir='ltr'>τῇ</span> <span class='ocrx_word' id='word_1_15' title='bbox 777 274 931 353; x_wconf 75' lang='grc' dir='ltr'>ἄλλῃ</span> <span class='ocrx_word' id='word_1_16' title='bbox 958 276 1196 354; x_wconf 77' lang='grc' dir='ltr'>δαπάνῃ.</span> <span class='ocrx_word' id='word_1_17' title='bbox 1266 278 1376 337; x_wconf 82' lang='grc' dir='ltr'>ἔσω</span> <span class='ocrx_word' id='word_1_18' title='bbox 1403 278 1464 339; x_wconf 77' lang='grc' dir='ltr'>δὲ</span> <span class='ocrx_word' id='word_1_19' title='bbox 1489 284 1547 339; x_wconf 87' lang='grc' dir='ltr'>ἐν</span> <span class='ocrx_word' id='word_1_20' title='bbox 1570 283 1644 359; x_wconf 75' lang='grc' dir='ltr'>τῇ</span> <span class='ocrx_word' id='word_1_21' title='bbox 1668 278 1916 339; x_wconf 72' lang='grc' dir='ltr'>παστάδι</span> 
     </span>
     <span class='ocr_line' id='line_1_4' title="bbox 317 360 1920 443; baseline 0.004 -23"><span class='ocrx_word' id='word_1_22' title='bbox 317 360 443 431; x_wconf 70' lang='grc' dir='ltr'>διξὰ</span> <span class='ocrx_word' id='word_1_23' title='bbox 460 362 758 441; x_wconf 74' lang='grc' dir='ltr'>θυρώματα</span> <span class='ocrx_word' id='word_1_24' title='bbox 785 366 1005 439; x_wconf 82' lang='grc' dir='ltr'>ἔστηκε·</span> <span class='ocrx_word' id='word_1_25' title='bbox 1048 368 1107 423; x_wconf 87' lang='grc' dir='ltr'>ἐν</span> <span class='ocrx_word' id='word_1_26' title='bbox 1134 364 1194 423; x_wconf 76' lang='grc' dir='ltr'>δὲ</span> <span class='ocrx_word' id='word_1_27' title='bbox 1219 369 1373 425; x_wconf 81' lang='grc' dir='ltr'>τοῖσι</span> <span class='ocrx_word' id='word_1_28' title='bbox 1394 366 1684 443; x_wconf 77' lang='grc' dir='ltr'>θυρώμασι</span> <span class='ocrx_word' id='word_1_29' title='bbox 1709 366 1746 443; x_wconf 80' lang='grc' dir='ltr'><em>ἦ</em></span> <span class='ocrx_word' id='word_1_30' title='bbox 1775 366 1920 443; x_wconf 85' lang='grc' dir='ltr'>θήκη</span> 
     </span>
     <span class='ocr_line' id='line_1_5' title="bbox 318 451 2016 531; baseline 0.002 -18"><span class='ocrx_word' id='word_1_31' title='bbox 318 454 462 513; x_wconf 88' lang='grc' dir='ltr'>ἐστί.</span> <span class='ocrx_word' id='word_1_32' title='bbox 516 455 651 514; x_wconf 85' lang='grc' dir='ltr'>Εἰσὶ</span> <span class='ocrx_word' id='word_1_33' title='bbox 672 452 735 511; x_wconf 86' lang='grc' dir='ltr'>δὲ</span> <span class='ocrx_word' id='word_1_34' title='bbox 766 454 857 512; x_wconf 85' lang='grc' dir='ltr'>καὶ</span> <span class='ocrx_word' id='word_1_35' title='bbox 884 457 941 513; x_wconf 80' lang='grc' dir='ltr'>αἱ</span> <span class='ocrx_word' id='word_1_36' title='bbox 967 454 1149 529; x_wconf 82' lang='grc' dir='ltr'>ταφαὶ</span> <span class='ocrx_word' id='word_1_37' title='bbox 1173 457 1275 513; x_wconf 87' lang='grc' dir='ltr'>τοῦ</span> <span class='ocrx_word' id='word_1_38' title='bbox 1303 451 1404 513; x_wconf 76' lang='grc' dir='ltr'>οὔκ</span> <span class='ocrx_word' id='word_1_39' title='bbox 1431 452 1593 513; x_wconf 84' lang='grc' dir='ltr'>ὅσιον</span> <span class='ocrx_word' id='word_1_40' title='bbox 1617 458 1880 531; x_wconf 75' lang='grc' dir='ltr'>ποιεῦμαι</span> <span class='ocrx_word' id='word_1_41' title='bbox 1899 457 2016 517; x_wconf 89' lang='grc'>170</span> 
     </span>
     <span class='ocr_line' id='line_1_6' title="bbox 316 540 1920 621; baseline -0.001 -20"><span class='ocrx_word' id='word_1_42' title='bbox 316 543 411 601; x_wconf 86' lang='grc' dir='ltr'>ἐπὶ</span> <span class='ocrx_word' id='word_1_43' title='bbox 439 540 670 621; x_wconf 75' lang='grc' dir='ltr'>τοιούτῳ</span> <span class='ocrx_word' id='word_1_44' title='bbox 703 540 992 621; x_wconf 87' lang='grc' dir='ltr'>πρήγματι</span> <span class='ocrx_word' id='word_1_45' title='bbox 1024 541 1370 621; x_wconf 76' lang='grc' dir='ltr'>ἐξαγορεύειν</span> <span class='ocrx_word' id='word_1_46' title='bbox 1409 540 1655 619; x_wconf 75' lang='grc' dir='ltr'>τοῦνομα</span> <span class='ocrx_word' id='word_1_47' title='bbox 1695 545 1755 601; x_wconf 82' lang='grc' dir='ltr'>ἐν</span> <span class='ocrx_word' id='word_1_48' title='bbox 1796 541 1920 612; x_wconf 78' lang='grc' dir='ltr'>Σάῖ,</span> 
     </span>
     <span class='ocr_line' id='line_1_7' title="bbox 318 628 1922 707; baseline 0.004 -19"><span class='ocrx_word' id='word_1_49' title='bbox 318 633 377 688; x_wconf 88' lang='grc' dir='ltr'>ἐν</span> <span class='ocrx_word' id='word_1_50' title='bbox 409 634 488 707; x_wconf 78' lang='grc' dir='ltr'>τῷ</span> <span class='ocrx_word' id='word_1_51' title='bbox 524 632 621 707; x_wconf 73' lang='grc' dir='ltr'>ἱρῷ</span> <span class='ocrx_word' id='word_1_52' title='bbox 657 634 760 706; x_wconf 82' lang='grc' dir='ltr'>τῆς</span> <span class='ocrx_word' id='word_1_53' title='bbox 790 628 1102 705; x_wconf 84' lang='grc' dir='ltr'>Ἀθηναίης,</span> <span class='ocrx_word' id='word_1_54' title='bbox 1139 628 1344 692; x_wconf 79' lang='grc' dir='ltr'>ὄπισθε</span> <span class='ocrx_word' id='word_1_55' title='bbox 1378 634 1482 689; x_wconf 86' lang='grc' dir='ltr'>τοῦ</span> <span class='ocrx_word' id='word_1_56' title='bbox 1521 634 1674 705; x_wconf 84' lang='grc' dir='ltr'>νηοῦ,</span> <span class='ocrx_word' id='word_1_57' title='bbox 1715 628 1922 694; x_wconf 65' lang='grc' dir='ltr'>παντὸς</span> 
     </span>
     <span class='ocr_line' id='line_1_8' title="bbox 315 715 1920 797; baseline 0.001 -22"><span class='ocrx_word' id='word_1_58' title='bbox 315 720 418 775; x_wconf 89' lang='grc' dir='ltr'>τοῦ</span> <span class='ocrx_word' id='word_1_59' title='bbox 442 720 543 791; x_wconf 77' lang='grc' dir='ltr'>τῆς</span> <span class='ocrx_word' id='word_1_60' title='bbox 566 715 862 793; x_wconf 80' lang='grc' dir='ltr'>Ἀθηναίης</span> <span class='ocrx_word' id='word_1_61' title='bbox 888 716 1149 795; x_wconf 78' lang='grc' dir='ltr'>ἐχόμεναι</span> <span class='ocrx_word' id='word_1_62' title='bbox 1173 719 1387 797; x_wconf 89' lang='grc' dir='ltr'>τοίχου·</span> <span class='ocrx_word' id='word_1_63' title='bbox 1417 717 1509 777; x_wconf 84' lang='grc' dir='ltr'>καὶ</span> <span class='ocrx_word' id='word_1_64' title='bbox 1530 720 1589 777; x_wconf 83' lang='grc' dir='ltr'>ἐν</span> <span class='ocrx_word' id='word_1_65' title='bbox 1605 720 1684 796; x_wconf 74' lang='grc' dir='ltr'>τῷ</span> <span class='ocrx_word' id='word_1_66' title='bbox 1707 716 1920 793; x_wconf 77' lang='grc' dir='ltr'>τεμένεϊ</span> 
     </span>
     <span class='ocr_line' id='line_1_9' title="bbox 318 802 1922 885; baseline 0.001 -23"><span class='ocrx_word' id='word_1_67' title='bbox 318 802 521 878; x_wconf 79' lang='grc' dir='ltr'>ὀβελοὶ</span> <span class='ocrx_word' id='word_1_68' title='bbox 588 808 792 864; x_wconf 80' lang='grc' dir='ltr'>ἐστίίσι</span> <span class='ocrx_word' id='word_1_69' title='bbox 842 804 1087 885; x_wconf 79' lang='grc' dir='ltr'>μεγάλοι</span> <span class='ocrx_word' id='word_1_70' title='bbox 1148 805 1372 865; x_wconf 88' lang='grc' dir='ltr'>λίθινοι·</span> <span class='ocrx_word' id='word_1_71' title='bbox 1457 805 1630 881; x_wconf 89' lang='grc' dir='ltr'>λίμνη</span> <span class='ocrx_word' id='word_1_72' title='bbox 1679 804 1746 864; x_wconf 87' lang='grc' dir='ltr'>τέ</span> <span class='ocrx_word' id='word_1_73' title='bbox 1797 808 1922 865; x_wconf 85' lang='grc' dir='ltr'>ἐστι</span> 
     </span>
     <span class='ocr_line' id='line_1_10' title="bbox 319 891 1922 973; baseline 0.001 -24"><span class='ocrx_word' id='word_1_74' title='bbox 319 891 573 969; x_wconf 87' lang='grc' dir='ltr'>ἐχομένη,</span> <span class='ocrx_word' id='word_1_75' title='bbox 602 892 789 971; x_wconf 82' lang='grc' dir='ltr'>λιθίνῃ</span> <span class='ocrx_word' id='word_1_76' title='bbox 812 891 1037 969; x_wconf 82' lang='grc' dir='ltr'>κρηπῖδι</span> <span class='ocrx_word' id='word_1_77' title='bbox 1064 893 1454 968; x_wconf 77' lang='grc' dir='ltr'>κεκοσμημένη</span> <span class='ocrx_word' id='word_1_78' title='bbox 1480 892 1575 951; x_wconf 80' lang='grc' dir='ltr'>καὶ</span> <span class='ocrx_word' id='word_1_79' title='bbox 1600 891 1922 973; x_wconf 76' lang='grc' dir='ltr'>ἐργασμένη</span> 
     </span>
     <span class='ocr_line' id='line_1_11' title="bbox 319 978 1918 1060; baseline 0.001 -23"><span class='ocrx_word' id='word_1_80' title='bbox 319 978 381 1037; x_wconf 77' lang='grc' dir='ltr'>εὖ</span> <span class='ocrx_word' id='word_1_81' title='bbox 406 979 606 1059; x_wconf 74' lang='grc' dir='ltr'>κύκλῳ,</span> <span class='ocrx_word' id='word_1_82' title='bbox 634 980 727 1038; x_wconf 81' lang='grc' dir='ltr'>καὶ</span> <span class='ocrx_word' id='word_1_83' title='bbox 750 980 1013 1060; x_wconf 86' lang='grc' dir='ltr'>μέγαθος,</span> <span class='ocrx_word' id='word_1_84' title='bbox 1042 978 1115 1043; x_wconf 77' lang='grc' dir='ltr'>ὥς</span> <span class='ocrx_word' id='word_1_85' title='bbox 1142 980 1267 1058; x_wconf 82' lang='grc' dir='ltr'>ἐμοὶ</span> <span class='ocrx_word' id='word_1_86' title='bbox 1297 979 1496 1051; x_wconf 88' lang='grc' dir='ltr'>ἐδόκεε,</span> <span class='ocrx_word' id='word_1_87' title='bbox 1525 978 1636 1056; x_wconf 83' lang='grc' dir='ltr'>ὅση</span> <span class='ocrx_word' id='word_1_88' title='bbox 1662 1006 1768 1056; x_wconf 90' lang='grc' dir='ltr'>περ</span> <span class='ocrx_word' id='word_1_89' title='bbox 1794 978 1833 1055; x_wconf 77' lang='grc' dir='ltr'><em>ἦ</em></span> <span class='ocrx_word' id='word_1_90' title='bbox 1861 983 1918 1039; x_wconf 86' lang='grc' dir='ltr'>ἐν</span> 
     </span>
     <span class='ocr_line' id='line_1_12' title="bbox 320 1064 2008 1147; baseline -0.001 -22"><span class='ocrx_word' id='word_1_91' title='bbox 320 1064 493 1146; x_wconf 75' lang='grc' dir='ltr'>Δήλῳ</span> <span class='ocrx_word' id='word_1_92' title='bbox 527 1067 565 1143; x_wconf 82' lang='grc' dir='ltr'><em>ἦ</em></span> <span class='ocrx_word' id='word_1_93' title='bbox 601 1066 924 1146; x_wconf 70' lang='grc' dir='ltr'>τροχοειδὴς</span> <span class='ocrx_word' id='word_1_94' title='bbox 964 1068 1293 1144; x_wconf 87' lang='grc' dir='ltr'>καλεομένη.</span> <span class='ocrx_word' id='word_1_95' title='bbox 1375 1066 1474 1129; x_wconf 86' lang='grc' dir='ltr'>Ἐν</span> <span class='ocrx_word' id='word_1_96' title='bbox 1511 1067 1572 1127; x_wconf 77' lang='grc' dir='ltr'>δὲ</span> <span class='ocrx_word' id='word_1_97' title='bbox 1609 1072 1680 1146; x_wconf 80' lang='grc' dir='ltr'>τῇ</span> <span class='ocrx_word' id='word_1_98' title='bbox 1706 1068 1878 1147; x_wconf 83' lang='grc' dir='ltr'>λίμνῃ</span> <span class='ocrx_word' id='word_1_99' title='bbox 1900 1068 2008 1128; x_wconf 90' lang='grc'>171</span> 
     </span>
     <span class='ocr_line' id='line_1_13' title="bbox 316 1154 1914 1233; baseline 0.001 -20"><span class='ocrx_word' id='word_1_100' title='bbox 316 1154 491 1233; x_wconf 78' lang='grc' dir='ltr'>ταύτῃ</span> <span class='ocrx_word' id='word_1_101' title='bbox 516 1154 588 1214; x_wconf 76' lang='grc' dir='ltr'>τὰ</span> <span class='ocrx_word' id='word_1_102' title='bbox 612 1155 843 1230; x_wconf 85' lang='grc' dir='ltr'>δείκηλα</span> <span class='ocrx_word' id='word_1_103' title='bbox 867 1160 977 1215; x_wconf 74' lang='grc' dir='ltr'>τῶν</span> <span class='ocrx_word' id='word_1_104' title='bbox 1000 1156 1222 1217; x_wconf 79' lang='grc' dir='ltr'>παθέων</span> <span class='ocrx_word' id='word_1_105' title='bbox 1255 1154 1424 1215; x_wconf 75' lang='grc' dir='ltr'>αὐτοῦ</span> <span class='ocrx_word' id='word_1_106' title='bbox 1452 1154 1648 1219; x_wconf 70' lang='grc' dir='ltr'>νυκτός</span> <span class='ocrx_word' id='word_1_107' title='bbox 1670 1158 1914 1225; x_wconf 80' lang='grc' dir='ltr'>ποιεῦσι,</span> 
     </span>
     <span class='ocr_line' id='line_1_14' title="bbox 317 1241 1918 1324; baseline 0.001 -23"><span class='ocrx_word' id='word_1_108' title='bbox 317 1241 391 1301; x_wconf 74' lang='grc' dir='ltr'>τὰ</span> <span class='ocrx_word' id='word_1_109' title='bbox 442 1242 711 1302; x_wconf 88' lang='grc' dir='ltr'>καλέουσι</span> <span class='ocrx_word' id='word_1_110' title='bbox 761 1242 1046 1319; x_wconf 84' lang='grc' dir='ltr'>μυστήρια</span> <span class='ocrx_word' id='word_1_111' title='bbox 1098 1242 1415 1324; x_wconf 75' lang='grc' dir='ltr'>Αἰγύπτιοι.</span> <span class='ocrx_word' id='word_1_112' title='bbox 1497 1243 1626 1319; x_wconf 88' lang='grc' dir='ltr'>περὶ</span> <span class='ocrx_word' id='word_1_113' title='bbox 1673 1244 1778 1318; x_wconf 91' lang='grc' dir='ltr'>μέν</span> <span class='ocrx_word' id='word_1_114' title='bbox 1822 1267 1918 1302; x_wconf 86' lang='grc' dir='ltr'>νυν</span> 
     </span>
     <span class='ocr_line' id='line_1_15' title="bbox 316 1328 1916 1407; baseline -0.001 -18"><span class='ocrx_word' id='word_1_115' title='bbox 316 1328 525 1390; x_wconf 72' lang='grc' dir='ltr'>τούτων</span> <span class='ocrx_word' id='word_1_116' title='bbox 562 1330 729 1390; x_wconf 81' lang='grc' dir='ltr'>εἰδότι</span> <span class='ocrx_word' id='word_1_117' title='bbox 754 1355 855 1406; x_wconf 89' lang='grc' dir='ltr'>μοι</span> <span class='ocrx_word' id='word_1_118' title='bbox 891 1330 983 1389; x_wconf 78' lang='grc' dir='ltr'>ε’πὶ</span> <span class='ocrx_word' id='word_1_119' title='bbox 1014 1331 1190 1389; x_wconf 82' lang='grc' dir='ltr'>πλέον</span> <span class='ocrx_word' id='word_1_120' title='bbox 1229 1328 1301 1391; x_wconf 71' lang='grc' dir='ltr'>οἷς</span> <span class='ocrx_word' id='word_1_121' title='bbox 1329 1330 1540 1389; x_wconf 78' lang='grc' dir='ltr'>ἕκαστα</span> <span class='ocrx_word' id='word_1_122' title='bbox 1573 1328 1752 1388; x_wconf 74' lang='grc' dir='ltr'>αὐτῶν</span> <span class='ocrx_word' id='word_1_123' title='bbox 1786 1330 1916 1407; x_wconf 80' lang='grc' dir='ltr'>ἔχει,</span> 
     </span>
     <span class='ocr_line' id='line_1_16' title="bbox 298 1414 1917 1495; baseline -0.003 -17"><span class='ocrx_word' id='word_1_124' title='bbox 298 1414 571 1495; x_wconf 72' lang='grc' dir='ltr'>ἐυστομα</span> <span class='ocrx_word' id='word_1_125' title='bbox 610 1418 833 1479; x_wconf 82' lang='grc' dir='ltr'>κείσθω·</span> <span class='ocrx_word' id='word_1_126' title='bbox 896 1418 987 1477; x_wconf 83' lang='grc' dir='ltr'>καὶ</span> <span class='ocrx_word' id='word_1_127' title='bbox 1024 1420 1128 1493; x_wconf 87' lang='grc' dir='ltr'>τῆς</span> <span class='ocrx_word' id='word_1_128' title='bbox 1168 1414 1468 1492; x_wconf 84' lang='grc' dir='ltr'>Δήμητρος</span> <span class='ocrx_word' id='word_1_129' title='bbox 1506 1419 1736 1489; x_wconf 86' lang='grc' dir='ltr'>τελετῆς</span> <span class='ocrx_word' id='word_1_130' title='bbox 1773 1416 1917 1492; x_wconf 89' lang='grc' dir='ltr'>πέρι,</span> 
     </span>
     <span class='ocr_line' id='line_1_17' title="bbox 317 1500 1920 1615; baseline -0.003 -49"><span class='ocrx_word' id='word_1_131' title='bbox 317 1503 422 1580; x_wconf 74' lang='grc' dir='ltr'>τὴν</span> <span class='ocrx_word' id='word_1_132' title='bbox 460 1509 516 1565; x_wconf 81' lang='grc' dir='ltr'>οἰ</span> <span class='ocrx_word' id='word_1_133' title='bbox 543 1500 823 1615; x_wconf 84' lang='grc' dir='ltr'>Ἕλληνες</span> <span class='ocrx_word' id='word_1_134' title='bbox 862 1502 1222 1582; x_wconf 83' lang='grc' dir='ltr'>θεσμοφόρια</span> <span class='ocrx_word' id='word_1_135' title='bbox 1264 1503 1549 1572; x_wconf 87' lang='grc' dir='ltr'>καλέουσι,</span> <span class='ocrx_word' id='word_1_136' title='bbox 1585 1502 1676 1561; x_wconf 84' lang='grc' dir='ltr'>καὶ</span> <span class='ocrx_word' id='word_1_137' title='bbox 1715 1502 1920 1577; x_wconf 81' lang='grc' dir='ltr'>ταύτης</span> 
     </span>
     <span class='ocr_line' id='line_1_18' title="bbox 321 1588 1920 1670; baseline -0.003 -19"><span class='ocrx_word' id='word_1_138' title='bbox 321 1592 487 1653; x_wconf 79' lang='grc' dir='ltr'>εἰδότι</span> <span class='ocrx_word' id='word_1_139' title='bbox 526 1618 626 1669; x_wconf 93' lang='grc' dir='ltr'>μοι</span> <span class='ocrx_word' id='word_1_140' title='bbox 660 1594 787 1670; x_wconf 90' lang='grc' dir='ltr'>πέρι</span> <span class='ocrx_word' id='word_1_141' title='bbox 820 1591 1069 1669; x_wconf 77' lang='grc' dir='ltr'>εὔστομα</span> <span class='ocrx_word' id='word_1_142' title='bbox 1109 1591 1334 1652; x_wconf 87' lang='grc' dir='ltr'>κείσθω·</span> <span class='ocrx_word' id='word_1_143' title='bbox 1377 1590 1529 1667; x_wconf 89' lang='grc' dir='ltr'>πλην</span> <span class='ocrx_word' id='word_1_144' title='bbox 1570 1588 1711 1649; x_wconf 84' lang='grc' dir='ltr'>ὅσον</span> <span class='ocrx_word' id='word_1_145' title='bbox 1750 1588 1920 1665; x_wconf 77' lang='grc' dir='ltr'>αιἠἣς</span> 
     </span>
     <span class='ocr_line' id='line_1_19' title="bbox 319 1677 1920 1763; baseline -0.001 -23"><span class='ocrx_word' id='word_1_146' title='bbox 319 1680 453 1759; x_wconf 87' lang='grc' dir='ltr'>οσίη</span> <span class='ocrx_word' id='word_1_147' title='bbox 481 1682 605 1742; x_wconf 88' lang='grc' dir='ltr'>ἐστὶ</span> <span class='ocrx_word' id='word_1_148' title='bbox 635 1682 839 1762; x_wconf 86' lang='grc' dir='ltr'>λέγειν,</span> <span class='ocrx_word' id='word_1_149' title='bbox 874 1683 933 1739; x_wconf 82' lang='grc' dir='ltr'>αἱ</span> <span class='ocrx_word' id='word_1_150' title='bbox 960 1684 1188 1741; x_wconf 87' lang='grc' dir='ltr'>Δαναοῦ</span> <span class='ocrx_word' id='word_1_151' title='bbox 1221 1677 1584 1763; x_wconf 76' lang='grc' dir='ltr'>θυγατέρες’</span> <span class='ocrx_word' id='word_1_152' title='bbox 1547 1704 1698 1756; x_wconf 90' lang='grc' dir='ltr'>ησαν</span> <span class='ocrx_word' id='word_1_153' title='bbox 1729 1680 1788 1737; x_wconf 80' lang='grc' dir='ltr'>αἱ</span> <span class='ocrx_word' id='word_1_154' title='bbox 1815 1678 1920 1756; x_wconf 80' lang='grc' dir='ltr'>τήν</span> 
     </span>
     <span class='ocr_line' id='line_1_20' title="bbox 318 1767 1916 1850; baseline -0.001 -22"><span class='ocrx_word' id='word_1_155' title='bbox 318 1769 553 1845; x_wconf 77' lang='grc' dir='ltr'>τελετὴν</span> <span class='ocrx_word' id='word_1_156' title='bbox 576 1767 783 1845; x_wconf 83' lang='grc' dir='ltr'>ταύτην</span> <span class='ocrx_word' id='word_1_157' title='bbox 816 1768 879 1838; x_wconf 78' lang='grc' dir='ltr'>ἐξ</span> <span class='ocrx_word' id='word_1_158' title='bbox 904 1767 1191 1850; x_wconf 74' lang='grc' dir='ltr'>Αἰγύπτου</span> <span class='ocrx_word' id='word_1_159' title='bbox 1223 1768 1621 1850; x_wconf 75' lang='grc' dir='ltr'>ἐξαγαγοῦσαι,</span> <span class='ocrx_word' id='word_1_160' title='bbox 1651 1767 1744 1827; x_wconf 79' lang='grc' dir='ltr'>καὶ</span> <span class='ocrx_word' id='word_1_161' title='bbox 1770 1767 1916 1826; x_wconf 78' lang='grc' dir='ltr'>διδά-</span> 
     </span>
     <span class='ocr_line' id='line_1_21' title="bbox 320 1855 1918 1937; baseline -0.002 -20"><span class='ocrx_word' id='word_1_162' title='bbox 320 1857 493 1926; x_wconf 79' lang='grc' dir='ltr'>ξασαι</span> <span class='ocrx_word' id='word_1_163' title='bbox 516 1858 617 1921; x_wconf 61' lang='grc' dir='ltr'>τοῖς</span> <span class='ocrx_word' id='word_1_164' title='bbox 644 1857 1107 1937; x_wconf 74' lang='grc' dir='ltr'>Πελασγιώτιδας</span> <span class='ocrx_word' id='word_1_165' title='bbox 1132 1860 1414 1937; x_wconf 85' lang='grc' dir='ltr'>γυναῖκας·</span> <span class='ocrx_word' id='word_1_166' title='bbox 1456 1855 1598 1932; x_wconf 74' lang='grc' dir='ltr'>μετὰ</span> <span class='ocrx_word' id='word_1_167' title='bbox 1625 1856 1702 1926; x_wconf 81' lang='grc' dir='ltr'>δὲ,</span> <span class='ocrx_word' id='word_1_168' title='bbox 1731 1855 1918 1924; x_wconf 81' lang='grc' dir='ltr'>ἐξανα-</span> 
     </span>
     <span class='ocr_line' id='line_1_22' title="bbox 320 1942 1918 2022; baseline -0.002 -18"><span class='ocrx_word' id='word_1_169' title='bbox 320 1946 541 2022; x_wconf 77' lang='grc' dir='ltr'>στάσης</span> <span class='ocrx_word' id='word_1_170' title='bbox 565 1944 754 2020; x_wconf 80' lang='grc' dir='ltr'>πάσης</span> <span class='ocrx_word' id='word_1_171' title='bbox 792 1943 1236 2019; x_wconf 81' lang='grc' dir='ltr'>Πελοποννήσου</span> <span class='ocrx_word' id='word_1_172' title='bbox 1273 1943 1384 2002; x_wconf 56' lang='lat' dir='ltr'>dm?</span> <span class='ocrx_word' id='word_1_173' title='bbox 1412 1943 1680 2019; x_wconf 80' lang='grc' dir='ltr'>Δωριέων,</span> <span class='ocrx_word' id='word_1_174' title='bbox 1713 1942 1918 2011; x_wconf 75' lang='grc' dir='ltr'>ἐξαπό-</span> 
     </span>
     <span class='ocr_line' id='line_1_23' title="bbox 321 2029 1919 2109; baseline -0.001 -19"><span class='ocrx_word' id='word_1_175' title='bbox 321 2035 455 2093; x_wconf 88' lang='grc' dir='ltr'>λετο</span> <span class='ocrx_word' id='word_1_176' title='bbox 478 2033 519 2109; x_wconf 81' lang='grc' dir='ltr'><em>ἦ</em></span> <span class='ocrx_word' id='word_1_177' title='bbox 542 2031 760 2107; x_wconf 87' lang='grc' dir='ltr'>τελετή·</span> <span class='ocrx_word' id='word_1_178' title='bbox 803 2033 855 2090; x_wconf 83' lang='grc' dir='ltr'>οἶ</span> <span class='ocrx_word' id='word_1_179' title='bbox 889 2031 947 2090; x_wconf 82' lang='grc' dir='ltr'>δὲ</span> <span class='ocrx_word' id='word_1_180' title='bbox 977 2030 1411 2104; x_wconf 82' lang='grc' dir='ltr'>ὖπολειφθέντες</span> <span class='ocrx_word' id='word_1_181' title='bbox 1443 2029 1919 2103; x_wconf 85' lang='grc' dir='ltr'>Πελοποννησίων</span> 
     </span>
     <span class='ocr_line' id='line_1_24' title="bbox 322 2112 1919 2194; baseline -0.002 -16"><span class='ocrx_word' id='word_1_182' title='bbox 322 2122 414 2179; x_wconf 87' lang='grc' dir='ltr'>καὶ</span> <span class='ocrx_word' id='word_1_183' title='bbox 468 2120 567 2180; x_wconf 74' lang='grc' dir='ltr'>οὐκ</span> <span class='ocrx_word' id='word_1_184' title='bbox 636 2118 1034 2189; x_wconf 79' lang='grc' dir='ltr'>ἐξαναστάντες</span> <span class='ocrx_word' id='word_1_185' title='bbox 1088 2115 1352 2194; x_wconf 78' lang='grc' dir='ltr'>Ἀρκάδες</span> <span class='ocrx_word' id='word_1_186' title='bbox 1419 2115 1684 2186; x_wconf 86' lang='grc' dir='ltr'>διέσωζον</span> <span class='ocrx_word' id='word_1_187' title='bbox 1747 2112 1919 2191; x_wconf 71' lang='grc' dir='ltr'>αὐτὴν</span> 
     </span>
     <span class='ocr_line' id='line_1_25' title="bbox 320 2211 536 2284; baseline -0.005 -17"><span class='ocrx_word' id='word_1_188' title='bbox 320 2211 536 2284; x_wconf 87' lang='grc' dir='ltr'>μοῦνοι.</span> 
     </span>
    </p>

    <p class='ocr_par' dir='ltr' id='par_1_2' title="bbox 311 2290 2014 3334">
     <span class='ocr_line' id='line_1_26' title="bbox 400 2290 2014 2373; baseline -0.002 -21"><span class='ocrx_word' id='word_1_189' title='bbox 400 2294 641 2373; x_wconf 82' lang='grc' dir='ltr'>Ἀπρίεω</span> <span class='ocrx_word' id='word_1_190' title='bbox 690 2294 753 2356; x_wconf 78' lang='grc' dir='ltr'>δὲ</span> <span class='ocrx_word' id='word_1_191' title='bbox 804 2291 908 2354; x_wconf 79' lang='grc' dir='ltr'>ὧδε</span> <span class='ocrx_word' id='word_1_192' title='bbox 974 2291 1462 2370; x_wconf 87' lang='grc' dir='ltr'>καταραιρημένου,</span> <span class='ocrx_word' id='word_1_193' title='bbox 1533 2291 1879 2368; x_wconf 85' lang='grc' dir='ltr'>ἐβασίλευσε</span> <span class='ocrx_word' id='word_1_194' title='bbox 1899 2290 2014 2351; x_wconf 84' lang='grc'>172</span> 
     </span>
     <span class='ocr_line' id='line_1_27' title="bbox 311 2378 1916 2488; baseline -0.001 -48"><span class='ocrx_word' id='word_1_195' title='bbox 311 2381 577 2458; x_wconf 76' lang='grc' dir='ltr'>Ἀμασις,</span> <span class='ocrx_word' id='word_1_196' title='bbox 598 2386 771 2459; x_wconf 80' lang='grc' dir='ltr'>νομοῦ</span> <span class='ocrx_word' id='word_1_197' title='bbox 797 2383 901 2458; x_wconf 79' lang='grc' dir='ltr'>μὲν</span> <span class='ocrx_word' id='word_1_198' title='bbox 928 2381 1140 2446; x_wconf 81' lang='grc' dir='ltr'>Σαΐτεω</span> <span class='ocrx_word' id='word_1_199' title='bbox 1167 2380 1286 2440; x_wconf 60' lang='lat' dir='ltr'>&amp;dv-</span> <span class='ocrx_word' id='word_1_200' title='bbox 1315 2385 1376 2440; x_wconf 85' lang='grc' dir='ltr'>ἐκ</span> <span class='ocrx_word' id='word_1_201' title='bbox 1394 2384 1514 2488; x_wconf 39' lang='lat' dir='ltr'>fig..</span> <span class='ocrx_word' id='word_1_202' title='bbox 1520 2381 1582 2440; x_wconf 85' lang='grc' dir='ltr'>δὲ</span> <span class='ocrx_word' id='word_1_203' title='bbox 1604 2378 1675 2456; x_wconf 83' lang='grc' dir='ltr'>ἦν</span> <span class='ocrx_word' id='word_1_204' title='bbox 1701 2378 1916 2451; x_wconf 84' lang='grc' dir='ltr'>πόλιος,</span> 
     </span>
     <span class='ocr_line' id='line_1_28' title="bbox 323 2467 1919 2547; baseline -0.001 -19"><span class='ocrx_word' id='word_1_205' title='bbox 323 2468 535 2546; x_wconf 79' lang='grc' dir='ltr'>ουνομά</span> <span class='ocrx_word' id='word_1_206' title='bbox 561 2497 614 2530; x_wconf 91' lang='grc' dir='ltr'>οι</span> <span class='ocrx_word' id='word_1_207' title='bbox 640 2471 763 2530; x_wconf 83' lang='grc' dir='ltr'>ἐστὶ</span> <span class='ocrx_word' id='word_1_208' title='bbox 790 2467 991 2545; x_wconf 70' lang='grc' dir='ltr'>Σιουφ.</span> <span class='ocrx_word' id='word_1_209' title='bbox 1070 2495 1146 2528; x_wconf 89' lang='grc' dir='ltr'>τα</span> <span class='ocrx_word' id='word_1_210' title='bbox 1168 2470 1272 2546; x_wconf 79' lang='grc' dir='ltr'>μὲν</span> <span class='ocrx_word' id='word_1_211' title='bbox 1298 2468 1366 2546; x_wconf 74' lang='grc' dir='ltr'>δὴ</span> <span class='ocrx_word' id='word_1_212' title='bbox 1393 2473 1586 2547; x_wconf 79' lang='grc' dir='ltr'>πρῶτα</span> <span class='ocrx_word' id='word_1_213' title='bbox 1621 2468 1919 2530; x_wconf 85' lang='grc' dir='ltr'>κατόνοντο</span> 
     </span>
     <span class='ocr_line' id='line_1_29' title="bbox 320 2555 1918 2637; baseline -0.001 -21"><span class='ocrx_word' id='word_1_214' title='bbox 320 2557 419 2617; x_wconf 75' lang='grc' dir='ltr'>τὸν</span> <span class='ocrx_word' id='word_1_215' title='bbox 435 2555 687 2635; x_wconf 80' lang='grc' dir='ltr'>Ἀμασιν</span> <span class='ocrx_word' id='word_1_216' title='bbox 707 2556 1021 2637; x_wconf 82' lang='grc' dir='ltr'>Αἰγύπτιοι,</span> <span class='ocrx_word' id='word_1_217' title='bbox 1041 2557 1136 2616; x_wconf 81' lang='grc' dir='ltr'>καὶ</span> <span class='ocrx_word' id='word_1_218' title='bbox 1163 2563 1221 2617; x_wconf 87' lang='grc' dir='ltr'>ἐν</span> <span class='ocrx_word' id='word_1_219' title='bbox 1247 2555 1473 2636; x_wconf 82' lang='grc' dir='ltr'>ουδεμιῇ</span> <span class='ocrx_word' id='word_1_220' title='bbox 1497 2559 1668 2636; x_wconf 86' lang='grc' dir='ltr'>μοίρῃ</span> <span class='ocrx_word' id='word_1_221' title='bbox 1695 2555 1918 2637; x_wconf 78' lang='grc' dir='ltr'>μεγόλῂ</span> 
     </span>
     <span class='ocr_line' id='line_1_30' title="bbox 320 2641 1920 2726; baseline -0.003 -23"><span class='ocrx_word' id='word_1_222' title='bbox 320 2643 479 2726; x_wconf 82' lang='grc' dir='ltr'>ἦγον,</span> <span class='ocrx_word' id='word_1_223' title='bbox 507 2644 603 2705; x_wconf 78' lang='grc' dir='ltr'>ἅτε</span> <span class='ocrx_word' id='word_1_224' title='bbox 639 2645 708 2721; x_wconf 82' lang='grc' dir='ltr'>δὴ</span> <span class='ocrx_word' id='word_1_225' title='bbox 745 2644 992 2722; x_wconf 87' lang='grc' dir='ltr'>δημότην</span> <span class='ocrx_word' id='word_1_226' title='bbox 1021 2669 1089 2703; x_wconf 91' lang='grc' dir='ltr'>το</span> <span class='ocrx_word' id='word_1_227' title='bbox 1120 2645 1255 2722; x_wconf 80' lang='grc' dir='ltr'>πρὶν</span> <span class='ocrx_word' id='word_1_228' title='bbox 1282 2644 1444 2704; x_wconf 87' lang='grc' dir='ltr'>ἐόντα</span> <span class='ocrx_word' id='word_1_229' title='bbox 1483 2645 1575 2702; x_wconf 85' lang='grc' dir='ltr'>καὶ</span> <span class='ocrx_word' id='word_1_230' title='bbox 1614 2645 1788 2718; x_wconf 82' lang='grc' dir='ltr'>οἰκίης</span> <span class='ocrx_word' id='word_1_231' title='bbox 1820 2641 1920 2699; x_wconf 74' lang='grc' dir='ltr'>οὐκ</span> 
     </span>
     <span class='ocr_line' id='line_1_31' title="bbox 322 2729 1916 2812; baseline -0.003 -20"><span class='ocrx_word' id='word_1_232' title='bbox 322 2734 639 2808; x_wconf 82' lang='grc' dir='ltr'>ἐπιφανέος.</span> <span class='ocrx_word' id='word_1_233' title='bbox 699 2757 841 2810; x_wconf 88' lang='grc' dir='ltr'>μετα</span> <span class='ocrx_word' id='word_1_234' title='bbox 882 2731 958 2801; x_wconf 80' lang='grc' dir='ltr'>δὲ,</span> <span class='ocrx_word' id='word_1_235' title='bbox 1002 2734 1186 2812; x_wconf 85' lang='grc' dir='ltr'>σοφίῃ</span> <span class='ocrx_word' id='word_1_236' title='bbox 1227 2729 1426 2792; x_wconf 73' lang='grc' dir='ltr'>αὐτους</span> <span class='ocrx_word' id='word_1_237' title='bbox 1464 2730 1496 2789; x_wconf 88' lang='grc' dir='ltr'>ό</span> <span class='ocrx_word' id='word_1_238' title='bbox 1529 2729 1780 2803; x_wconf 77' lang='grc' dir='ltr'>Ἄμασις</span> <span class='ocrx_word' id='word_1_239' title='bbox 1817 2752 1916 2786; x_wconf 85' lang='grc' dir='ltr'>ουκ</span> 
     </span>
     <span class='ocr_line' id='line_1_32' title="bbox 320 2808 1920 2920; baseline -0.005 -40"><span class='ocrx_word' id='word_1_240' title='bbox 320 2820 690 2903; x_wconf 75' lang='grc' dir='ltr'>ἀγνωμοσύνῃ</span> <span class='ocrx_word' id='word_1_241' title='bbox 735 2820 1144 2901; x_wconf 79' lang='grc' dir='ltr'>προσηγάγετο.</span> <span class='ocrx_word' id='word_1_242' title='bbox 1214 2818 1286 2894; x_wconf 86' lang='grc' dir='ltr'>ἦν</span> <span class='ocrx_word' id='word_1_243' title='bbox 1327 2843 1382 2878; x_wconf 89' lang='grc' dir='ltr'>οι</span> <span class='ocrx_word' id='word_1_244' title='bbox 1421 2816 1577 2876; x_wconf 77' lang='grc' dir='ltr'>ἅλλα</span> <span class='ocrx_word' id='word_1_245' title='bbox 1627 2838 1690 2873; x_wconf 87' lang='grc' dir='ltr'>τε</span> <span class='ocrx_word' id='word_1_246' title='bbox 1720 2808 1920 2920; x_wconf 80' lang='grc' dir='ltr'>ἆγαθα</span> 
     </span>
     <span class='ocr_line' id='line_1_33' title="bbox 320 2900 1981 3012; baseline -0.005 -44"><span class='ocrx_word' id='word_1_247' title='bbox 320 2911 505 2986; x_wconf 87' lang='grc' dir='ltr'>μυρία,</span> <span class='ocrx_word' id='word_1_248' title='bbox 534 2914 592 2968; x_wconf 88' lang='grc' dir='ltr'>ἐν</span> <span class='ocrx_word' id='word_1_249' title='bbox 617 2909 677 2968; x_wconf 84' lang='grc' dir='ltr'>δὲ</span> <span class='ocrx_word' id='word_1_250' title='bbox 706 2908 797 2966; x_wconf 84' lang='grc' dir='ltr'>καὶ</span> <span class='ocrx_word' id='word_1_251' title='bbox 828 2907 1176 2983; x_wconf 77' lang='grc' dir='ltr'>ποδανιπτὴρ</span> <span class='ocrx_word' id='word_1_252' title='bbox 1214 2929 1454 3012; x_wconf 86' lang='grc' dir='ltr'>χρυσεος</span> <span class='ocrx_word' id='word_1_253' title='bbox 1481 2909 1539 2962; x_wconf 89' lang='grc' dir='ltr'>ἐν</span> <span class='ocrx_word' id='word_1_254' title='bbox 1563 2906 1640 2981; x_wconf 75' lang='grc' dir='ltr'>τῷ</span> <span class='ocrx_word' id='word_1_255' title='bbox 1667 2900 1833 2963; x_wconf 74' lang='grc' dir='ltr'>αὐτός</span> <span class='ocrx_word' id='word_1_256' title='bbox 1855 2925 1918 2960; x_wconf 87' lang='grc' dir='ltr'>τε</span> <span class='ocrx_word' id='word_1_257' title='bbox 1969 2972 1981 2980; x_wconf 77' lang='lat'><strong>.</strong></span> 
     </span>
     <span class='ocr_line' id='line_1_34' title="bbox 320 2987 1918 3073; baseline -0.006 -17"><span class='ocrx_word' id='word_1_258' title='bbox 320 2995 353 3056; x_wconf 82' lang='grc' dir='ltr'>ὁ</span> <span class='ocrx_word' id='word_1_259' title='bbox 385 2995 637 3073; x_wconf 72' lang='grc' dir='ltr'>Ἄμασις</span> <span class='ocrx_word' id='word_1_260' title='bbox 668 2995 761 3054; x_wconf 85' lang='grc' dir='ltr'>καὶ</span> <span class='ocrx_word' id='word_1_261' title='bbox 801 2998 855 3054; x_wconf 79' lang='grc' dir='ltr'>οἱ</span> <span class='ocrx_word' id='word_1_262' title='bbox 890 2993 1212 3071; x_wconf 84' lang='grc' dir='ltr'>δαιτυμόνες</span> <span class='ocrx_word' id='word_1_263' title='bbox 1247 3017 1302 3051; x_wconf 91' lang='grc' dir='ltr'>οι</span> <span class='ocrx_word' id='word_1_264' title='bbox 1334 3015 1536 3054; x_wconf 86' lang='grc' dir='ltr'>παντες</span> <span class='ocrx_word' id='word_1_265' title='bbox 1570 3015 1701 3052; x_wconf 88' lang='grc' dir='ltr'>τους</span> <span class='ocrx_word' id='word_1_266' title='bbox 1742 3014 1807 3048; x_wconf 80' lang='grc' dir='ltr'>π(</span> <span class='ocrx_word' id='word_1_267' title='bbox 1802 2987 1918 3050; x_wconf 85' lang='grc' dir='ltr'>’δας</span> 
     </span>
     <span class='ocr_line' id='line_1_35' title="bbox 321 3075 1918 3155; baseline -0.006 -13"><span class='ocrx_word' id='word_1_268' title='bbox 321 3085 588 3144; x_wconf 79' lang='grc' dir='ltr'>ἑκάστοτε</span> <span class='ocrx_word' id='word_1_269' title='bbox 614 3084 1013 3155; x_wconf 85' lang='grc' dir='ltr'>ἐναπενιζέατο·</span> <span class='ocrx_word' id='word_1_270' title='bbox 1053 3085 1253 3141; x_wconf 84' lang='grc' dir='ltr'>τοῦτον</span> <span class='ocrx_word' id='word_1_271' title='bbox 1279 3077 1395 3139; x_wconf 86' lang='grc' dir='ltr'>κατ’</span> <span class='ocrx_word' id='word_1_272' title='bbox 1424 3078 1496 3139; x_wconf 83' lang='grc' dir='ltr'>ὧν</span> <span class='ocrx_word' id='word_1_273' title='bbox 1523 3077 1715 3154; x_wconf 86' lang='grc' dir='ltr'>κόψας,</span> <span class='ocrx_word' id='word_1_274' title='bbox 1744 3075 1918 3155; x_wconf 83' lang='grc' dir='ltr'>αγαλ-</span> 
     </span>
     <span class='ocr_line' id='line_1_36' title="bbox 318 3165 1920 3248; baseline -0.003 -18"><span class='ocrx_word' id='word_1_275' title='bbox 318 3197 403 3248; x_wconf 93' lang='grc' dir='ltr'>μα</span> <span class='ocrx_word' id='word_1_276' title='bbox 456 3171 717 3248; x_wconf 88' lang='grc' dir='ltr'>δαίμονος</span> <span class='ocrx_word' id='word_1_277' title='bbox 764 3170 827 3239; x_wconf 76' lang='grc' dir='ltr'>ἐξ</span> <span class='ocrx_word' id='word_1_278' title='bbox 870 3169 1039 3229; x_wconf 71' lang='grc' dir='ltr'>αὐτοῦ</span> <span class='ocrx_word' id='word_1_279' title='bbox 1089 3166 1396 3242; x_wconf 87' lang='grc' dir='ltr'>ἐποιήσατο</span> <span class='ocrx_word' id='word_1_280' title='bbox 1444 3168 1535 3225; x_wconf 87' lang='grc' dir='ltr'>καὶ</span> <span class='ocrx_word' id='word_1_281' title='bbox 1585 3165 1774 3242; x_wconf 82' lang='grc' dir='ltr'>ἵδρυσε</span> <span class='ocrx_word' id='word_1_282' title='bbox 1819 3167 1920 3242; x_wconf 75' lang='grc' dir='ltr'>τῆς</span> 
     </span>
     <span class='ocr_line' id='line_1_37' title="bbox 318 3251 1920 3334; baseline -0.005 -16"><span class='ocrx_word' id='word_1_283' title='bbox 318 3259 521 3321; x_wconf 84' lang='grc' dir='ltr'>πόλιος</span> <span class='ocrx_word' id='word_1_284' title='bbox 574 3257 709 3319; x_wconf 85' lang='grc' dir='ltr'>ὅκου</span> <span class='ocrx_word' id='word_1_285' title='bbox 750 3255 831 3334; x_wconf 46' lang='grc' dir='ltr'>,ἦν</span> <span class='ocrx_word' id='word_1_286' title='bbox 885 3254 1335 3331; x_wconf 74' lang='grc' dir='ltr'>ἐπιτηδειότατον·</span> <span class='ocrx_word' id='word_1_287' title='bbox 1367 3259 1372 3264; x_wconf 76' lang='grc'><em>’</em></span> <span class='ocrx_word' id='word_1_288' title='bbox 1403 3255 1460 3313; x_wconf 78' lang='grc' dir='ltr'>οἱ</span> <span class='ocrx_word' id='word_1_289' title='bbox 1511 3253 1572 3312; x_wconf 80' lang='grc' dir='ltr'>δὲ</span> <span class='ocrx_word' id='word_1_290' title='bbox 1623 3251 1920 3334; x_wconf 78' lang='grc' dir='ltr'>Αἰγύπτιοι</span> 
     </span>
    </p>

    <p class='ocr_par' dir='ltr' id='par_1_3' title="bbox 479 3339 537 3382">
     <span class='ocr_line' id='line_1_38' title="bbox 479 3339 537 3382; baseline 0.034 -2"><span class='ocrx_word' id='word_1_291' title='bbox 479 3339 537 3382; x_wconf 80' lang='grc'>16</span> 
     </span>
    </p>
   </div>
  </div>
 </body>
</html>
