2250 3500
349 164 415 212 40
962 161 1331 212 ἨΡΟΔΟΤΟΤ
1878 165 1949 231 [I-

297 267 300 270 ⁴
347 240 566 300 δοκέων
568 240 622 300 οἱ
645 237 854 318 χρόνον
870 239 962 300 ἐπὶ
986 239 1203 318 μακρὰν
1223 242 1455 303 ἔσεσθαι
1478 267 1585 318 την
1600 243 1949 320 πολιορκίην,

348 328 558 404 ἔπεμπε
585 331 645 386 ἐκ
671 330 772 386 τοῦ
797 329 1008 407 τείχεος
1041 328 1253 392 ἄλλους
1284 328 1559 410 ἀγγέλους
1596 335 1652 393 ἐς
1674 330 1775 394 τοῖς
1806 358 1949 409 συμ-

344 415 572 494 μαχίας.
655 417 708 474 οἱ
741 417 848 490 μὲν
870 414 994 495 γὰρ’
1011 415 1283 493 πρότερον
1315 415 1683 494 διεπέμποντο
1717 422 1775 480 ἐς
1808 420 1951 496 πέμ·

342 527 486 562 πτον
542 506 695 578 μῆνα
753 504 1107 580 προερέοντες
1163 504 1550 584 συλλέγεσθαι
1609 508 1666 568 ἐς
1726 503 1948 581 Σάρδις·

343 589 571 653 τούτους
597 590 655 650 δὲ
681 590 954 668 ἐξέπεμπε
978 591 1082 666 τήν
1103 591 1383 669 ταχίστην
1414 591 1639 651 δέεσθαι
1664 593 1946 668 βοηθέειν,

247 680 325 738 82
345 676 418 742 ὥς
441 679 910 762 πολιορκεομένου
941 678 1219 755 Κροίσου.
1289 677 1395 741 Ἐς
1418 704 1481 739 τε
1514 679 1583 754 δὴ
1618 677 1691 739 ὧν
1718 679 1820 742 τοὶς
1844 679 1946 741 ἅλ-

343 769 450 830 λας
481 768 692 844 ἔπεμπε
721 765 1067 844 συμμαχίας,
1095 767 1187 825 καὶ
1220 765 1289 842 δή
1318 766 1412 826 καὶ
1447 771 1503 830 ἐς
1535 767 1945 844 Λακεδαίμονα.

335 857 493 915 τοῖσι
517 854 579 913 δὲ
604 854 696 912 καὶ
721 852 943 914 αὐτοῖσι
971 853 1150 934 [τοῖσι
1188 852 1597 936 Σπαρτιήτῃσι]
1624 852 1741 914 κατ’
1776 854 1949 917 αὖτόν

337 945 538 1000 τοῦτον
585 940 687 1001 τὸν
735 939 942 1019 χρόνον
980 941 1397 1000 συνεπεπτώκεε
1438 941 1547 1018 ἔρις
1592 945 1767 1001 ἐοῦσα
1802 943 1946 1020 πρὸς

338 1028 640 1108 Ἀργείους,
667 1029 796 1104 περὶ
819 1028 1004 1108 χώρου
1031 1029 1371 1105 καλεομένου
1396 1030 1625 1106 Θυρέης.

417 1114 529 1180 Tute,-
567 1115 678 1197 γὰρ
718 1117 930 1193 Θυρέας
967 1114 1188 1186 ταύτας,
1232 1115 1433 1198 ἐούσας
1471 1120 1573 1193 2-sz-
1611 1116 1943 1199 Ἀργολίδος

335 1204 548 1282 μοίρης,
583 1203 1000 1281 ἀποταμόμενοι
1043 1205 1215 1283 ἔσχον
1260 1207 1314 1263 οἱ
1344 1203 1789 1280 Λακεδαιμόνιοι.
1870 1205 1943 1282 ἦν

335 1291 397 1351 δὲ
422 1293 514 1350 καὶ
538 1291 578 1368 ἦ
602 1292 772 1372 μέχρι
805 1296 1050 1354 Μαλεῶν
1074 1291 1115 1368 ἢ
1149 1291 1291 1368 πρός
1324 1291 1874 1374 ἑσπέρην-Ἀργείων,
1898 1295 1939 1370 ἦ

333 1403 398 1438 τε
423 1384 483 1440 ἐν
505 1383 576 1459 τῇ
601 1379 808 1460 ἠπείρῳ
839 1379 996 1459 χώρη
1029 1379 1121 1439 καὶ
1154 1378 1194 1455 ἦ
1226 1377 1621 1456 Κυθηρίη,καί
1650 1381 1711 1438 αἱ
1742 1382 1941 1442 λοιπαὶ

331 1471 442 1528 τῶν
465 1467 670 1546 νήσων.
750 1467 1165 1545 βοηθησάντων
1195 1466 1255 1526 δὲ
1288 1464 1554 1548 Ἀργείων
1583 1470 1656 1545 τῇ
1686 1469 1941 1548 σφετέρῃ

333 1554 778 1636 α’ποταμνομένῃ,
809 1557 1048 1617 ἐνθαῦτα
1071 1555 1455 1630 συνέβησαν’
1428 1580 1485 1619 ες
1508 1552 1715 1635 λόγους
1739 1560 1939 1616 συνελ-

259 1677 262 1680 ’
337 1643 540 1714 θόντες,
595 1644 742 1705 ὥστε
799 1644 1156 1721 τριηκοσίους
1221 1643 1489 1720 ἑκατέρων
1551 1644 1937 1721 μαχέσασθαι,

335 1730 586 1809 ὁκότεροι
610 1729 718 1792 δ’*
683 1757 754 1791 αν
779 1732 1171 1814 περιγένωνται
1197 1756 1407 1792 τουτων
1438 1731 1577 1793 εἶναι
1602 1731 1705 1793 τὸν
1728 1735 1934 1841 χῶρον·

327 1845 396 1880 το
421 1820 482 1879 δὲ
505 1822 728 1899 πλῆθος
749 1824 851 1880 τοῦ
877 1823 1127 1897 στρατοῦ
1160 1818 1703 1881 απαλλάσσεσθαι·
1678 1821 1937 1898 εκοίτερον

331 1912 387 1971 ἐς
408 1906 514 1983 τὴν
541 1910 760 1976 ἑωυτοῦ,
778 1907 921 1984 μηδὲ
946 1908 1287 1984 παραμένειν
1312 1906 1739 1990 ἀγωνιζομένων,
1762 1909 1935 1969 τῶνδε

327 1995 546 2067 εἵνεκεν,
572 1996 662 2056 ἵνα
683 1993 766 2072 μὴ
789 1994 1106 2073 παρεόντων
1130 1999 1241 2055 τῶν
1266 1996 1733 2072 στρατοπέδων,ε
1698 2000 1934 2075 ορῶντες

325 2086 382 2145 οἱ
433 2085 608 2162 ἕτεροι
651 2085 1025 2163 ἑσσουμένους
1057 2109 1189 2148 τους
1232 2085 1541 2163 σφετέρους
1584 2084 1929 2171 ἐπαμύνοιεν.

323 2173 654 2251 συνθέμενοι
701 2172 776 2234 ὦν
824 2178 1002 2233 ταῦτα
1047 2170 1519 2233 ἀπαλλάσσοντο·
1586 2172 1824 2253 λογάδες
1870 2173 1932 2233 δὲ

324 2262 596 2337 ἑκατέρων
643 2260 1082 2337 ὑπολειφθέντες
1134 2260 1517 2335 συνέβαλλον·
1598 2260 1931 2339 μαχομένων

323 2348 388 2407 δέ
417 2355 614 2422 σφεων
647 2347 740 2405 καὶ
778 2347 1080 2427 γινομένων
1118 2346 1435 2405 ἰσοπαλέων
1470 2344 1837 2407 ὑπελείποντο
1868 2350 1932 2419 ἐξ

323 2433 536 2510 ἀνδρῶν
566 2433 869 2502 ἑξακοσίων
899 2435 1065 2507 τρεῖς,
1101 2428 1368 2511 Ἀργείων
1402 2433 1507 2508 μὲν
1545 2430 1834 2511 ’.Αλκήνωρ
1864 2461 1929 2496 τε

323 2522 416 2580 καὶ
468 2518 734 2598 Χρόμιος,
788 2517 1237 2594 Λακεδαιμονίων
1291 2518 1352 2577 δὲ
1401 2517 1731 2595 Ὀθρυάδης·
1796 2520 1929 2583 ὕπε-

322 2607 650 2683 λείφθησαν
679 2607 739 2666 δὲ
771 2603 927 2667 οὗτοι
959 2604 1156 2669 νυκτός
1189 2604 1555 2682 ἐπελθούσης.
1638 2608 1691 2665 οἶ
1720 2608 1824 2683 μὲν
1852 2610 1925 2687 δὴ

319 2694 419 2756 δύο
442 2699 552 2755 τῶν
574 2693 840 2776 Ἀργείων
867 2692 940 2758 ὥς
969 2692 1310 2768 νενικηκότες
1346 2694 1500 2754 ἔθεον
1531 2698 1587 2757 ἐς
1609 2693 1677 2754 τὰ
1692 2690 1922 2778 Ἄργος·

317 2783 354 2845 ό
393 2784 452 2843 δὲ
481 2786 592 2844 τῶν
617 2782 1063 2861 Λακεδαιμονίων
1092 2780 1419 2858 Ὀθρυάδης,
1446 2780 1768 2849 σκυλεύσας
1793 2784 1924 2850 τούς

316 2869 583 2953 Ἀργείων
623 2870 845 2949 νεκροῦς
882 2870 976 2929 καὶ
1016 2868 1434 2949 προσφορήσας
1466 2869 1541 2930 τὰ
1586 2869 1743 2930 ὅπλα
1777 2871 1922 2949 πρός

315 2959 384 3019 τό
438 2963 640 3020 ἑωυτοῦ
692 2956 1090 3037 στρατόπεδον,
1134 2962 1193 3017 ἐν
1229 2960 1302 3035 τῇ
1340 2956 1495 3028 τάξει
1536 2957 1654 3037 εἶχε
1700 2960 1915 3030 ἑωυτόν,

314 3045 496 3125 ἡμέρῃ
521 3046 581 3106 δὲ
605 3047 832 3124 δευτέρῃ
856 3047 1122 3121 παρῆσαν
1159 3044 1563 3122 πυνθανόμενοι
1588 3044 1917 3123 ἀμφότεροι.

315 3132 450 3194 τέως
484 3135 588 3205 μὲν
624 3133 693 3209 δὴ
725 3132 887 3193 αυτοὶ
918 3130 1166 3207 ἑκατεροι
1203 3132 1425 3207 εφασαν
1450 3158 1625 3203 νικαν,
1661 3134 1920 3213 λέγοντες

316 3240 374 3276 οι
412 3221 517 3292 μὲν
547 3244 618 3281 ως
647 3224 860 3280 ἑωυτων
897 3222 1133 3281 πλεῦνες
1162 3220 1574 3301 περιγεγόνασι,
1608 3222 1662 3279 οἶ
1695 3219 1755 3278 δὲ
1789 3244 1919 3283 τους

315 3302 424 3373 μὲν
454 3300 856 3379 ἀποφαίνοντες
888 3303 1240 3386 πεφευγότας
1268 3330 1369 3367 τον
1402 3306 1464 3368 δὲ
1498 3307 1781 3383 σφέτερον
1812 3330 1918 3365 πα·
