2250 3500
378 125 470 166 340
544 133 547 136 ⁴
988 118 1354 165 ‘HPOAo'roT
1861 113 1992 177 [IV.

388 200 478 257 καὶ
506 199 823 266 Καύκωνας,
851 197 1081 259 τούτους
1109 195 1154 254 δ’
1183 194 1549 264 ἐξελάσαντες
1575 198 1634 251 ἐκ
1661 197 1763 268 τῆς
1789 193 1995 271 χώρης,

388 287 573 361 σφέας
600 286 799 348 αὖτοΰς
827 285 890 354 ἓξ
912 285 1112 361 μοίρας
1139 284 1365 341 διεῖλον·
1411 281 1503 338 καὶ
1544 283 1733 340 ἔπειτα
1769 282 1999 341 ἔκτισαν

381 374 585 436 πόλιας
598 373 773 433 τάσδε
803 379 860 432 ἐν
882 372 1120 441 αὐτοῖσι,
1141 373 1410 448 Λέπρεον,
1433 369 1748 437 Μάκιστον,
1772 369 1998 446 Φρίξας,

388 460 637 541 Πύργον,
664 461 886 530 ’Έπιον,
916 461 1180 519 Νούδιον·
1227 459 1485 538 (τουτέων
1527 457 1585 514 δὲ
1616 459 1713 518 τοὶς
1753 461 2002 520 πλεῦνας

386 548 471 606 ἐπ’
516 550 643 624 ε’μέο
686 549 907 607 Ἠλεῖοι
952 547 1321 625 ἐπόρθησαν·)
1363 550 1435 623 τῇ
1477 546 1535 602 δὲ
1578 544 1730 622 νήσῳ
1767 546 1862 602 ἐπὶ
1895 549 1999 604 τοῦ

292 637 405 696 149
425 638 679 696 οἰκιστέω
713 637 869 712 Θήρα
904 637 940 710 ἦ
976 637 1252 710 ἐπωνυμίη
1282 634 1518 714 ἐγένετο.
1589 631 1656 689 ‘O
1687 632 1746 690 δὲ
1771 636 1907 695 παῖς
1933 633 1999 693 οὗ

383 725 495 804 γσῖρ
512 726 621 800 ἔφη
644 729 695 784 οἱ
713 723 1200 800 συμπλεύσεσθαι,
1219 725 1495 801 τοιγαρῶν
1516 723 1628 796 ἔφη
1644 719 1816 780 αὗτόν
1834 746 1996 779 κατα-

389 813 604 890 λείψειν
630 813 714 872 ὅϊν
743 818 799 871 ἐν
826 811 1069 870 λύκοισι·
1116 809 1206 867 ἐπὶ
1235 813 1335 868 τοῦ
1364 811 1521 871 ἔπεος
1556 807 1757 867 τούτου
1787 807 2000 884 οὕνομα

385 903 462 977 τῷ
502 901 779 977 νεηνίσκῳ-
800 898 976 977 τούτῳ
1012 895 1306 958 Ὀϊόλυκος
1353 897 1591 975 ἐγένετο·
1648 896 1745 954 καί
1787 921 1893 957 κως
1931 896 1998 955 τὰ

387 986 598 1062 οὕνομα
651 992 818 1047 τοῦτο
874 985 1238 1062 ἐπεκράτησε.
1318 981 1619 1042 Ὀἳολύκου
1673 983 1734 1042 δὲ
1785 985 2000 1066 γίνεται

388 1074 602 1153 Αἰγεύς,
630 1073 743 1132 αἶπὸ
770 1078 870 1132 τοῦ
899 1073 1152 1152 Αἰγεΐδαι
1174 1071 1472 1131 καλεῦνται
1499 1071 1658 1147 φυλὴ
1685 1072 1912 1152 μεγάλη
1943 1079 2000 1132 ἐν

388 1161 636 1240 Σπάρτῃ.
704 1165 857 1221 τοῖσι
884 1161 943 1220 δὲ
970 1166 1027 1219 ἐν
1046 1164 1118 1239 τῇ
1148 1164 1306 1237 φυλῇ
1325 1159 1498 1238 ταύτῃ
1527 1158 1765 1234 ἀνδράσι
1793 1159 1858 1217 οὗ
1885 1160 1996 1240 γάρ

384 1247 682 1326 ὑπέμειναν
717 1249 789 1308 τοὶ
827 1250 1010 1319 τέκνα,
1048 1247 1347 1324 ἱδρύσαντο
1382 1252 1440 1304 ἐκ
1475 1248 1818 1323 θεοπροπίου
1847 1246 1996 1324 Ἐρι-

390 1336 529 1397 νύων
569 1343 679 1397 τῶν
718 1338 896 1396 Λαΐου
935 1362 997 1397 τε
1040 1336 1132 1395 καὶ
1167 1335 1474 1394 Οἰδιπόδεω
1520 1333 1658 1411 ἱρόν·
1713 1336 1822 1393 καὶ·
1853 1336 1999 1412 μετὰ

385 1430 553 1486 τοῦτο
572 1426 849 1503 ὑπέμεινε.
910 1423 1088 1485 τῶυτὸ
1114 1427 1280 1483 τοῦτο
1310 1423 1401 1481 καὶ
1428 1427 1487 1481 ἐν
1514 1422 1671 1499 Θήρῃ
1697 1427 1853 1482 τοῖσι
1881 1422 1998 1482 α’,πὸ

386 1518 497 1573 τῶν
522 1513 735 1591 ἀνδρῶν
758 1512 968 1573 τούτων
992 1510 1280 1619 γεγονόσι.

296 1602 411 1657 150
514 1603 703 1679 Μέχρι
738 1601 843 1676 μέν
870 1625 967 1660 νυν
991 1598 1192 1659 τούτου
1229 1602 1330 1659 τοῦ
1357 1597 1536 1679 λόγου
1563 1599 1998 1676 Λακεδαιμόνιοι

388 1689 686 1764 Θηραίοισι
729 1687 870 1746 κατοῖ
918 1685 1095 1745 ταυτοὶ
1143 1683 1397 1767 λέγουσι·
1440 1712 1505 1745 το
1549 1685 1608 1744 δὲ
1649 1685 1762 1745 ἀπὸ
1793 1687 1998 1771 τούτου

386 1778 582 1847 μοῦνοι
614 1778 850 1850 Θηραῖοι
884 1772 987 1832 ὦδε
1019 1775 1285 1853 γενέσθαι
1311 1775 1569 1855 λέγουσι·
1613 1776 1871 1852 Γρῖνος”
1840 1804 1871 1835 ο
1900 1775 1997 1836 Αἷ-

388 1860 601 1930 σανίου,
644 1860 745 1920 ε’ὠν
780 1861 941 1939 Θήρα
978 1862 1179 1921 τούτου
1221 1861 1498 1941 ἀπόγονος
1538 1863 1632 1920 καὶ
1671 1864 1998 1939 βασιλεύων

388 1948 575 2023 Θήρης
598 1952 698 2023 τῆς
723 1949 917 2025 νήσου,
946 1948 1181 2009 ἀπίκετο
1209 1954 1264 2011 ἐς
1290 1949 1558 2024 Δελφοῦς
1582 1948 1729 2030 ἄγων
1752 1940 1872 2010 'abra
1897 1956 1997 2028 τῆς

387 2035 587 2099 πόλιος
631 2037 972 2114 ἑκατόμβην·
1034 2037 1258 2096 εἵποντο
1305 2037 1370 2095 δέ
1421 2040 1474 2095 οἱ
1531 2037 1622 2095 καὶ
1667 2035 1843 2097 ἄλλοι
1888 2044 1998 2100 τῶν

388 2127 700 2201 πολιητέων
731 2127 823 2185 καὶ
860 2124 928 2200 δή
962 2125 1054 2183 καὶ
1092 2123 1309 2187 Βάττος
1347 2123 1380 2185 ὅ
1419 2124 1862 2201 Πολυμνήστου,
1897 2129 1998 2188 εἀἷν

387 2212 548 2291 γένος
588 2212 906 2289 Εὖθυμίδης
958 2215 1067 2272 τῶν
1119 2212 1393 2271 Μινυέων·
1462 2212 1754 2291 χρεωμένῳ
1811 2214 1870 2272 δὲ
1923 2220 1998 2294 τῷ

388 2300 564 2378 Γρίνῳ
598 2303 675 2378 τῷ
704 2300 946 2377 βασιλέϊ
978 2303 1089 2358 τῶν
1124 2300 1378 2374 Θηραίων
1409 2301 1538 2376 περὶ
1583 2300 1775 2360 ἄλλων
1809 2308 1926 2381 χρᾷ
1959 2304 1996 2378 ἦ

393 2387 580 2462 Πυθίη
608 2388 806 2456 κτίζειν
834 2392 890 2445 ἐν
914 2386 1107 2465 Λιβύῃ
1133 2386 1319 2446 πόλιν·
1355 2386 1389 2446 ὁ
1417 2388 1476 2445 δὲ
1503 2386 1773 2463 ἀμείβετο
1796 2391 1994 2469 λέγων·

389 2473 547 2552 ’ςέγώ
574 2475 693 2549 μὲν,
724 2472 883 2543 ὦναξ,
911 2473 1299 2550 πρεσβύτερός
1322 2500 1385 2534 τε
1412 2473 1519 2551 ἤδη
1556 2475 1668 2551 εἰμὶ
1697 2476 1788 2533 καὶ
1815 2477 2000 2553 βαρύς

388 2558 693 2637 ἀείρεσθαι·
744 2561 817 2619 σι)
858 2560 921 2619 δέ
957 2586 1082 2621 τινα
1122 2562 1293 2621 τῶνδε
1336 2566 1445 2621 τῶν
1487 2564 1763 2638 νεωτέρων
1807 2568 1999 2624 κέλευε

386 2653 563 2709 ταῦτα
603 2648 861 2709 ποιέειν.”
929 2647 1047 2725 ἅμα
1086 2676 1149 2708 τε
1197 2648 1356 2731 ἔλεγε
1397 2654 1572 2710 ταῦτα
1619 2651 1713 2709 καὶ
1761 2651 2000 2711 ἐδείκνυε

390 2742 445 2799 ἐς
477 2737 577 2797 τᾶν
608 2736 845 2797 Βάττον.
912 2735 1043 2797 τότε
1067 2739 1173 2813 μὲν
1197 2743 1473 2797 τοσαῦτα.
1541 2738 1686 2815 μετσῖ
1715 2738 1793 2808 δὲ,
1823 2737 1997 2799 οἷπελ-

390 2823 578 2887 θόντες
608 2824 846 2905 οἷλογίην
880 2825 1033 2903 εἶχον
1062 2828 1164 2883 τοῦ
1203 2826 1570 2903 χρηστηρίου,
1607 2825 1732 2885 οὔτε
1775 2828 2000 2903 Αιβύην

388 2908 588 2973 εἰδότες
612 2910 746 2971 ὅκου
771 2917 878 2991 γῆς
904 2914 985 2986 εἴη
1008 2911 1134 2970 οὔτε
1159 2917 1476 2990 τολμῶντες
1496 2919 1550 2975 ἐς
1571 2914 1783 2987 α’,φανὲς
1802 2920 1998 2991 χρῆμα

291 2995 403 3053 ι15].
426 2995 858 3057 ἀποστέλλειν
822 3000 1099 3073 αποικίην.
1168 2998 1350 3059 Ἐπτα
1378 3000 1492 3059 δὲ’
1466 3002 1627 3060 ετέων
1653 3028 1796 3076 μετα
1821 3006 1998 3061 ταῦτα

390 3080 489 3138 οὔκ
529 3109 591 3140 υε
622 3084 727 3157 τὴν
764 3086 969 3161 Θήρην·
1028 3090 1085 3144 ἐν
1122 3090 1280 3145 τοῖσι
1309 3114 1380 3147 τα
1413 3089 1635 3177 δένδρεα
1666 3089 1852 3148 πάντα
1885 3096 1996 3163 σφι

384 3164 457 3221 τοὶ
492 3171 550 3224 ἐν
575 3173 648 3243 τῇ
674 3170 829 3249 νήσω
860 3172 1064 3246 πληνε
1040 3171 1161 3234 ενὸς
1189 3174 1482 3251 ἐξαυάνθη·
1524 3176 1900 3254 χρεωμένοισι
1936 3176 1998 3235 δὲ

384 3252 540 3307 τοῖσι
578 3256 880 3329 Θηραίοισι
918 3258 1200 3335 προέφερε
1239 3261 1279 3337 ἦ
1312 3264 1500 3339 Πυθίη
1533 3288 1636 3339 την
1671 3267 1726 3325 ἐς
1769 3264 1998 3343 Λιβύην
