2250 3500
353 139 449 187 180
946 134 1315 193 ἨΡοΔοΤοω
1846 131 1953 198 [11.

353 217 652 294 κρατέοντα
679 214 836 276 εἶναι·
866 214 1110 276 ὕστατον
1132 215 1191 274 δὲ
1211 213 1380 290 αὗτῆς
1398 215 1755 291 βασιλεῦσαι
1770 213 1956 292 Ὦρον

350 305 451 365 τόν
475 303 726 380 Ὀσίριος
751 303 940 374 παῖδα,
968 303 1068 364 τὸν
1091 301 1431 362 Ἀπόλλωνα
1446 301 1727 377 Ἕλληνες
1754 301 1955 378 ὄνομά-

353 393 532 463 ζουσι·
585 396 801 461 τοῦτον,
847 389 1283 452 καταπαύσαντα
1325 393 1569 466 Τυφῶνα
1602 391 1959 464 βασιλεῦσαι

351 478 597 540 ὕστατον
621 479 928 560 Αἰγύπτου.
999 477 1229 556 ’Ὀσιρις
1265 477 1327 538 δέ
1357 481 1482 539 ἐστι
1508 477 1787 541 Διόνυσος
1813 476 1956 554 κατὰ

244 614 289 646 s
354 565 610 626 Ἑλλάδα
634 572 933 648 γλῶσσαν.

261 657 374 715 145
429 653 528 716 Ἐν
550 655 806 732 Ἕλλησι
839 656 944 732 μέν
978 680 1074 716 νυν
1109 651 1374 715 νεώτατοι
1406 655 1518 714 τῶν
1546 653 1685 714 θεῶν
1712 653 1958 730 νομίζον-

350 769 444 804 ται
481 743 622 804 εἶναι
643 743 935 820 Ἡρακλῆς
967 769 1030 804 τε
1068 743 1172 817 καὶ.
1186 741 1463 804 Διόνυσος
1498 741 1591 799 καὶ
1622 739 1770 801 Πάν·
1826 739 1959 818 παρ’

353 832 715 912 Αἰγυπτίοισι
742 831 801 890 δὲ
839 831 969 890 Ποὶν
999 831 1103 907 μὲν
1140 829 1525 908 ἀρχαιότατος,
1554 829 1647 888 καὶ
1676 832 1787 888 τῶν
1805 827 1959 906 ,ὄκτῶ

351 923 463 979 τῶν
487 919 716 996 πρώτων
746 919 1063 1000 λεγομένων
1100 919 1259 978 θεῶν·
1300 917 1590 994 Ἡρακλῆς
1616 916 1676 975 δὲ
1708 920 1818 977 τῶν
1844 916 1959 976 δευ-

351 1007 540 1083 τέρων,
565 1011 677 1066 τῶν
717 1005 961 1066 δυώδεκα
999 1005 1316 1086 λεγομένων
1359 1003 1515 1064 εἶναι·
1565 1002 1842 1066 Διόνυσος
1880 1003 1956 1074 δὲ,

341 1097 462 1153 4τῶν
485 1095 700 1171 τρίτων,
730 1094 784 1153 οἳ
811 1098 870 1152 ἐκ
894 1096 1005 1153 τῶν
1026 1091 1269 1152 δυώδεκα
1298 1093 1436 1153 θεῶν
1462 1093 1731 1173 ἐγένοντο.
1784 1090 1957 1168 Ἤρα-

355 1182 484 1240 κλέὶ
506 1183 610 1259 μὲν
639 1180 777 1256 δή
746 1206 858 1241 οσα
887 1179 1045 1240 αὐτοὶ
1072 1180 1374 1262 Αἰγύπτιοί
1404 1185 1553 1255 φασι
1582 1179 1720 1239 εἶναι
1752 1179 1875 1239 ἔτεα
1901 1184 1956 1242 ἐς

341 1267 594 1346 ’Ἀμασιν
631 1269 900 1346 βασιλέα,
928 1268 1241 1344 δεδήλωταί
1266 1293 1367 1345 μοι
1403 1266 1644 1344 πρόσθε·
1713 1265 1863 1327 Πανὶ
1895 1266 1954 1325 δὲ

328 1357 433 1417 ἔτι
471 1356 700 1418 τούτων·
719 1357 934 1417 πλέονα
975 1359 1203 1436 λέγεται
1251 1355 1406 1425 εἶναι,
1456 1352 1715 1432 Διονύσω
1747 1353 1793 1412 δ’
1826 1353 1952 1413 ἐλά-

349 1471 526 1524 χιστα
563 1442 789 1506 τούτων·
839 1444 932 1505 καὶ
961 1443 1137 1523 τούτω
1176 1444 1611 1521 πεντακισχίλια
1652 1442 1745 1501 καὶ
1782 1441 1953 1519 μύρια

349 1535 672 1614 λογίζονται
712 1533 852 1593 εἶναι
893 1537 948 1596 ἐς
991 1530 1244 1609 ’Ἀμασιν
1283 1531 1557 1606 βασιλέα.
1641 1529 1733 1588 καὶ
1777 1534 1953 1589 ταῦτα

350 1621 646 1701 Αἰγύπτιοι
679 1620 945 1698 ἀτρεκέως
982 1620 1132 1695 φασὶ
1170 1618 1527 1689 ἐπίστασθαι,
1556 1621 1665 1677 αἰεί
1699 1643 1761 1678 τε
1796 1619 1950 1698 λογι-

349 1708 570 1784 ζόμενοι
603 1708 695 1767 καὶ
733 1708 838 1767 αἰεὶ
871 1705 1337 1788 ἀπογραφόμενοι
1367 1705 1439 1766 τσῖ
1472 1705 1608 1766 ἔτεα.
1695 1703 1953 1785 Διονύσῳ

347 1796 452 1870 μέν
478 1820 574 1855 νυν
596 1800 674 1872 τῷ
701 1800 760 1854 ἐκ
800 1795 1052 1871 Σεμέλης
1081 1798 1185 1870 τῆς
1220 1794 1458 1871 Κάδμου
1494 1795 1779 1874 λεγομένῳ
1803 1795 1951 1873 γενέ-

350 1883 504 1952 σθαι,
549 1882 690 1942 κατὰ
731 1880 998 1952 ἑξακόσια
1037 1882 1161 1942 ἔτεα
1203 1882 1296 1941 καὶ
1328 1883 1491 1961 χθιια
1530 1880 1789 1961 μάλιστά
1828 1885 1952 1941 ε’στι

279 1974 282 1977 ’
349 1974 406 2035 ἐς
445 1971 560 2048 ε’μέ·
612 1970 888 2049 Ἡρακλέϊ
919 1970 988 2030 δὲ.
1009 1974 1088 2049 τῷ
1115 1969 1439 2047 Ἀλκμήνης
1480 1968 1622 2029 κατὰ
1667 1968 1951 2029 εἰνακόσια

349 2059 491 2120 ἔτεα·
540 2062 692 2121 Πανὶ
734 2059 795 2119 δὲ
834 2063 912 2138 τῷ
951 2063 1012 2118 ἐκ
1052 2057 1406 2134 Πηνελόπης,
1454 2058 1537 2137 (ἐκ
1588 2056 1790 2131 ταύτης
1837 2057 1947 2137 γσῖρ

351 2149 442 2208 καὶ
467 2147 682 2226 Ἑρμέω
717 2148 945 2230 λέγεται
974 2147 1240 2228 γενέσθαι
1264 2144 1374 2205 ὖπὸ
1401 2144 1691 2220 Ἑλλήνων
1718 2142 1749 2203 ὁ
1777 2144 1947 2225 Πάν)

347 2236 578 2297 ε’λάσσω
606 2235 728 2296 ἔτεά
755 2241 880 2296 ε’στι
911 2239 1022 2296 τῶν
1058 2236 1332 2312 Τρωϊκῶν,
1362 2232 1503 2292 καταῖ
1534 2233 1607 2293 τσῖ
1642 2230 1947 2291 ὀκτακόσια.

254 2323 367 2382 146
387 2324 644 2398 μάλιστα
684 2329 739 2386 ἐς
769 2324 886 2399 ε’μέ.
967 2321 1190 2383 Τούτων
1233 2320 1308 2382 ὧν
1347 2320 1681 2398 α’,μφοτέρων
1706 2320 1947 2396 πάρεστι

343 2412 595 2487 χρᾶσθαι
639 2411 798 2471 τοῖσί
844 2435 930 2473 τις
981 2410 1239 2469 πείσεται
1288 2409 1651 2490 λεγομένοισι
1700 2410 1945 2483 μᾶλλον·

346 2496 471 2572 ἐμοὶ
513 2496 559 2555 δ’
603 2495 677 2556 ὦν
718 2496 757 2572 ἦ
799 2497 928 2574 περὶ
976 2494 1158 2556 ada-&v
1198 2496 1393 2606 γνώμη
1438 2495 1817 2556 ἀποδέδεκται.
1899 2497 1948 2554 εἰ

347 2585 453 2661 μὲν
480 2610 590 2664 γαρ
633 2584 871 2661 φανεροί
903 2610 966 2644 τε
1007 2584 1261 2664 ἐγένοντο
1304 2584 1396 2644 καὶ
1437 2582 1828 2664 κατεγήρασαν
1854 2581 1947 2641 καὶ

345 2669 499 2733 οὗτοι
523 2676 580 2732 ἐν
604 2676 677 2751 τῇ
701 2670 956 2742 Ἑλλάδι,
982 2672 1229 2749 κατάπερ
1257 2670 1633 2749 εΗρακλέηςε
1600 2698 1633 2731 ο
1662 2671 1723 2740 ἐξ
1739 2669 1946 2747 Ἀμφι-

341 2760 579 2837 τρύωνος
611 2760 922 2842 γενόμενος,
957 2759 1050 2819 καὶ
1082 2760 1151 2835 δὴ
1191 2760 1283 2819 καὶ
1311 2759 1587 2823 Διόνυσος
1626 2758 1659 2819 ὁ
1687 2763 1749 2818 ἐκ
1776 2758 1944 2835 Σεμέ-

342 2851 464 2924 λης,
493 2849 584 2907 καὶ
610 2848 740 2909 Ποὶν
767 2848 799 2909 ὅ
826 2852 886 2907 ἐκ
920 2846 1259 2925 Πηνελόπης
1292 2846 1604 2928 γενόμενος,
1632 2846 1742 2922 ἔφη
1770 2844 1838 2906 ἅν
1861 2870 1947 2908 τις

342 2936 434 2994 καὶ
473 2935 703 3001 τούτους
755 2935 982 3005 ἄλλους,
1031 2933 1235 3011 ἄνδρας
1280 2935 1625 3016 γενομένους,
1674 2935 1821 3013 ἔχειν
1871 2931 1946 2993 τὰ

339 3023 554 3083 ἐκείνων
594 3023 874 3107 οιξνόματα
911 3026 1021 3084 τῶν
1038 3056 1044 3061 ·
1060 3020 1485 3103 προγεγονότων
1527 3022 1684 3082 θεῶν·
1747 3025 1845 3082 νῦν
1884 3020 1945 3081 δὲ

339 3108 618 3170 Διόνυσόν
651 3136 713 3170 τε
744 3112 980 3192 λέγουσι
1021 3112 1075 3168 οἱ
1104 3108 1401 3185 Ἕλληνες,
1438 3109 1510 3173 ὥς
1549 3108 1747 3170 αὗτίκα
1787 3108 1943 3190 γενό-

337 3217 506 3269 μενον
541 3200 596 3259 ἐς
626 3196 725 3257 τᾶν
762 3197 943 3275 μηρὸν
979 3194 1321 3272 ἐνερράψατο
1360 3197 1495 3260 Ζεῦς
1536 3198 1630 3257 καὶ
1669 3197 1851 3274 ἤνεικε
1887 3200 1944 3261 ἐς

340 3278 553 3341 Νύσαν,
575 3282 680 3357 τὴν
710 3282 849 3361 ὖπὲρ
885 3282 1173 3363 Αἰγύπτου
1214 3287 1419 3345 ἐοῦσαν
1455 3289 1513 3345 ἐν
1548 3289 1623 3364 τῇ
1648 3286 1941 3365 Αἰθιοπίῃ·
