2250 3500
348 119 569 184 85—88]
604 180 611 185 ¹
1022 120 1292 171 eAAmA.
1853 120 1952 167 245

346 204 420 278 τῇ
476 198 647 280 ἵππῳ]
700 200 1053 280 ἐγχρίμπτων
1104 204 1176 277 τῇ
1231 200 1424 279 θηλέῃ,
1469 199 1634 263 τέλος
1679 200 1740 259 δὲ
1783 200 1954 274 ἐτι-ἧκε

348 286 587 365 ὀχεῦσαι
611 287 711 348 τὸν
738 286 931 347 ἵππον.
989 286 1127 363 ‘Apa’
1154 287 1336 366 ἡμέρῃ
1363 288 1422 347 δὲ
1450 286 1871 365 διαφωσκούσῃ,
1899 289 1953 347 οἶ
1969 288 2046 348 86

350 374 427 444 ἓξ,
457 374 598 434 κατοὶ
624 375 1021 450 συνεθήκαντο,
1039 378 1306 451 παρῆσαν
1328 378 1420 435 ἐπὶ
1445 379 1555 437 τῶν
1576 376 1776 435 ἵππων·
1817 374 1953 445 διεξ-

351 462 693 523 ελαυνόντων
732 462 793 522 δὲ
834 462 974 522 κατὰ
1014 462 1081 523 τό
1113 462 1471 540 προάστειον,
1501 463 1571 526 ὦς
1609 462 1750 522 κατὰ
1787 466 1954 523 τοῦτο

348 548 416 609 τὰ
442 550 649 628 χωρίον
675 550 923 629 ἐγίνοντο
952 550 1041 609 ἵνα
1058 554 1161 627 τῆς
1185 551 1597 629 παροιχομένης
1617 550 1810 613 νυκτός
1829 574 1956 610 κατ-

353 636 567 697 εδέδετο
606 638 645 712 ἦ
688 637 869 713 θήλεα
910 636 1096 708 ἵππος,
1141 639 1380 699 ἐνθαῦτα
1421 638 1454 697 ὁ
1502 638 1742 715 Δαρείου
1787 638 1956 703 ἵππος

350 724 731 801 προσδραμών
782 727 1128 803 ἐχρεμέτισε·
1190 726 1311 803 ἅμα
1365 726 1426 785 δὲ
1470 730 1548 803 τῷ
1598 726 1748 804 ἵππῳ
1789 728 1956 785 τοῦτο

352 813 671 887 ποιήσαντι,
699 812 965 890 άστραπή
1004 814 1065 883 ἐξ
1103 815 1320 890 αἰθρίης
1353 814 1444 873 καὶ
1472 812 1690 892 βροντὴ
1719 814 1954 895 ἐγένετο.

354 900 716 981 ἐπιγενόμενα
754 900 815 961 δὲ
850 905 1027 961 ταῦτα
1060 906 1138 981 τῷ
1171 902 1390 981 Δαρείῳ
1427 903 1694 962 ἐτελέωσε
1722 927 1819 977 μιν
1847 899 1956 961 ὥσ-

354 1014 459 1065 περ
488 994 549 1048 ἐκ
575 989 845 1049 συνθέτου
859 1014 955 1048 τευ
967 989 1257 1069 γενόμενα,
1279 992 1332 1049 οἱ
1353 990 1412 1049 δὲ
1433 988 1830 1066 καταθορόντες
1844 987 1958 1050 ‹in-6

353 1080 463 1135 τῶν
491 1077 673 1136 ἵππων
698 1075 1073 1154 προσεκύνεον
1098 1077 1224 1159 [τᾶν
1250 1082 1490 1155 Δαρεῖον
1515 1076 1588 1141 ὥς
1611 1076 1912 1159 βασιλέα].

438 1167 512 1224 Οἱ
563 1167 668 1241 μὲν
720 1163 791 1240 δή
844 1171 993 1242 φασι
1032 1163 1136 1226 τᾶν
1184 1166 1442 1243 Οἰβάρεα
1483 1169 1660 1225 ταῦτα
1706 1164 1954 1244 μηχανή·
1973 1164 2048 1225 87

356 1252 589 1322 σασθαι,
619 1254 673 1311 οἱ
697 1251 758 1311 δὲ
782 1252 985 1322 τοιάδε,
1013 1252 1132 1333 (καὶ
1155 1252 1266 1333 γὰρ
1297 1254 1380 1312 ἐπ’
1409 1252 1706 1330 ἀμφότερα
1731 1254 1958 1333 λέγεται

355 1337 466 1400 13πό
494 1340 801 1421 Περσέων)
832 1340 903 1402 ὥς
926 1344 1028 1415 τῆς
1054 1340 1230 1400 ἵππου
1254 1341 1456 1416 ταύτης
1480 1345 1590 1400 τῶν
1610 1339 1828 1417 ἄρθρων
1842 1344 1956 1399 ἐπι-

358 1426 580 1504 ψαύσας
615 1432 688 1507 τῇ
722 1428 885 1507 χειρὶ,
916 1429 1035 1506 ἔχοι
1067 1427 1242 1503 αὐτὴν
1279 1428 1490 1507 κρύψας
1516 1431 1575 1485 ἐν
1599 1431 1736 1505 τῇσι
1763 1426 1957 1496 ἀναξυ-

357 1515 495 1591 ρίσι·
540 1514 613 1579 ὥς
645 1516 704 1575 δὲ
739 1515 858 1592 ἅμα
888 1519 965 1593 τῷ
1004 1515 1148 1595 η’λίῳ
1188 1514 1396 1575 α’νιόντι
1430 1515 1698 1574 α’πίεσθαι
1727 1514 1960 1590 μέλλειν

358 1603 487 1667 τοῦς
538 1603 756 1688 ἵππους,
808 1603 909 1663 τὸν
964 1603 1224 1680 Οἰβάρεα
1275 1607 1474 1664 τοῦτον
1527 1602 1809 1679 ἐξείραντα
1858 1602 1962 1678 τήν

357 1694 536 1771 χεῖρα,
563 1692 705 1770 πρὸς
728 1694 829 1752 τοῦ
858 1693 1099 1769 Δαρείου
1122 1690 1296 1752 ἵππου
1322 1692 1452 1757 τοῦς
1477 1694 1762 1769 μυκτῆρας
1781 1715 1960 1769 προσ-

361 1783 578 1839 ενεῖκαι·
619 1778 719 1841 τόν
748 1779 807 1839 δὲ
834 1779 1174 1858 αἰσθόμενον
1207 1780 1607 1859 φριμάξασθαί
1627 1805 1688 1840 τε
1715 1780 1808 1839 καὶ
1831 1805 1959 1858 χρε-

356 1869 605 1944 μετίσαι.
930 1917 935 1921 .
2086 1920 2090 1926 ,

443 1955 677 2034 Δαρεῖός
696 1981 758 2016 τε
782 1955 851 2031 δὴ
878 1953 912 2015 ὅ
936 1954 1293 2019 εΥστάσπεος
1311 1954 1590 2032 βασιλεῦς
1609 1952 1956 2015 άπεδέδεκτο·
1979 1956 2057 2016 88

362 2043 459 2102 καί
480 2047 533 2103 οἱ
557 2043 706 2119 ἦσαν
733 2050 791 2104 ἐν
814 2047 887 2123 τῇ
912 2042 1083 2122 Ἀσίῃ
1103 2043 1306 2104 πάντες
1329 2041 1592 2118 κατήκοοι
1617 2042 1772 2117 πλὴν
1794 2041 1961 2118 Ἀρα-

360 2131 518 2207 βίων,
548 2131 739 2210 Κύρου
766 2158 830 2192 τε
869 2130 1402 2208 καταστρεψαμένου
1431 2131 1522 2188 καὶ
1547 2127 1784 2205 ὕστερον
1811 2127 1964 2192 αὖτις

363 2217 715 2295 Καμβύσεω·
774 2218 1041 2296 Ἀράβιοι
1082 2218 1144 2277 δὲ
1197 2217 1416 2295 οὐδαμᾶ.
1471 2215 1825 2292 κατήκουσαν
1873 2217 1964 2274 ἐπὶ

363 2305 679 2385 δουλοσύνῃ
712 2307 995 2385 Πέρσῃσι,
1024 2305 1180 2364 α’λλσὶ
1217 2306 1386 2375 ξεῖνοι
1425 2305 1676 2386 ἐγένοντο
1701 2304 1966 2381 παρέντες

304 2415 309 2419 ·
363 2391 692 2470 Καμβύσεα
732 2393 817 2454 ἐπ’
858 2395 1162 2476 Azy-umor·
1205 2393 1500 2474 (ἀεκόντων
1527 2393 1638 2475 γοὶρ
1674 2391 1958 2470 Ἀραβίων

364 2480 464 2540 οὔκ
490 2480 561 2542 ἂν
586 2481 934 2559 ἐσβάλλοιεν
975 2482 1200 2559 Πέρσαι
1229 2486 1283 2544 ἐς
1309 2481 1640 2562 Αἴγυπτον)
1666 2482 1881 2562 γάμους
1905 2505 1968 2540 τε

362 2569 495 2633 τοῦς
518 2569 767 2647 πρώτους
794 2570 993 2650 ἐγάμεε
1015 2570 1282 2649 Πέρσῃσι
1309 2569 1342 2630 ὅ
1370 2574 1624 2648 Δαρεῖος,
1648 2569 1841 2647 Κύρου
1865 2570 1968 2646 μὲν

366 2656 467 2716 δύο
509 2658 829 2738 θυγατέρας,
860 2656 1162 2718 Ἀτοσσάν
1191 2683 1253 2718 τε
1287 2659 1380 2716 καὶ
1413 2656 1822 2733 Ἀρτυστώνην·
1863 2655 1967 2730 τήν

363 2749 468 2823 μὲν
499 2745 801 2806 Ἀτοσσαν
852 2745 1390 2823 προσυνοικήσασαν
1437 2742 1735 2820 Καμβύσῃ
1777 2767 1840 2801 τε
1891 2744 1970 2819 τῷ

365 2833 625 2911 ἀδελφεῷ
664 2834 757 2892 καὶ
790 2832 943 2896 αὖτις
974 2837 1051 2912 τῷ
1091 2831 1293 2912 Μάγῳ·
1335 2831 1440 2906 τὴν
1472 2830 1531 2889 δὲ
1564 2829 1969 2906 Ἀρτυστώνην,

364 2921 661 2998 παρθένον·
704 2921 893 2998 ἑτέρην
920 2919 997 2989 δὲ,
1026 2919 1296 2996 Σμέρδιος
1320 2921 1424 2978 τοῦ
1453 2916 1647 2993 Κύρου
1675 2915 1968 2997 θυγατέρα,

339 3009 555 3089 -ἔγημε,
592 3011 665 3090 τῇ
706 3005 918 3084 οὕνομα
952 3005 1023 3082 ἦν
1056 3006 1312 3083 Πάρμυς·
1355 3005 1490 3084 ἔσχε
1525 3004 1584 3062 δὲ
1622 3003 1714 3062 καὶ
1739 3002 1968 3078 τήντοῦ

362 3094 608 3156 Ὀτάνεω
642 3095 923 3176 θυγατέρα
946 3093 985 3170 ἢ
1010 3094 1111 3154 τὸν
1139 3093 1343 3172 Μάγον
1378 3091 1692 3165 κατάδηλον
1719 3089 1972 3164 ἐποίησε.

368 3181 631 3260 δυνάμιός
668 3206 733 3242 τε
764 3181 948 3240 πάντα
986 3185 1039 3240 οἶ
1080 3180 1406 3239 ἐπιπλέατο.
1475 3181 1694 3255 πρῶτον
1733 3177 1837 3254 μέν
1877 3201 1974 3236 νυν

364 3268 546 3333 τύπον
584 3268 963 3346 ποιησάμενος
996 3268 1216 3328 λίθινον
1242 3268 1466 3343 ἔστησε·
1509 3266 1647 3346 ζῷον
1673 3263 1736 3324 δέ
1759 3267 1814 3324 οἱ
1840 3267 1968 3340 ἐνῆν
