2250 3500
336 137 622 204 135—137]
985 140 1313 192 ΕΤΤΕΡῙῙΗ.
1834 141 1931 196 175

329 216 586 278 Ἑλλάδα
626 218 859 298 ἐγένετο,
899 214 1091 326 ἧσσον
1132 219 1191 278 δὲ
1228 224 1331 296 τῆς
1366 224 1556 298 ἑτέρης
1595 222 1935 304 περιλεσχή-

330 331 538 370 νευτος·
620 305 881 382 Χάραξος
913 295 1040 365 δὲ
998 333 1071 370 ως
1100 305 1417 383 λυσόμενος
1438 308 1773 372 Ῥοδῶπιν’
1736 311 1933 372 απενό-

332 419 516 470 στησε
584 399 641 457 ἐς
706 393 1054 470 Μυτιλήνην,
1109 397 1169 454 ἔν
1233 397 1397 472 μέλεῖ
1454 397 1672 473 Σαπφω
1738 399 1934 458 πολλα

332 481 781 561 κατεκερτόμησέ
827 507 947 560 μιν.
1024 481 1327 546 Ῥοδώπιος
1372 483 1479 560 μέν
1522 509 1619 545 νυν
1663 487 1792 564 πέρι
1836 489 1932 548 πέ-

330 593 562 646 παυμαι.

413 656 578 718 Μετα
604 659 666 719 δὲ
691 661 1006 736 Μυκερῖνον
1031 658 1297 741 γενέσθαι
1322 658 1613 770 Αἰγύπτου
1638 661 1892 737 βασιλέα
1910 664 2027 724 136

332 744 530 825 ἔλεγον
569 749 625 806 οἰ
666 747 806 824 ἱρέες
852 745 1122 825 Σάσυχιν,
1166 772 1269 808 τον
1313 773 1386 808 τα
1429 747 1573 826 πρός
1612 748 1779 824 ἥλιον
1817 748 1931 810 dv(-

332 857 550 910 σχοντα
599 838 840 910 ποιῆσαι
889 837 968 914 τῷ
1018 834 1322 916 Ἡφαίστω
1373 835 1715 914 προπύλαια,
1773 835 1933 898 ἐόντα

329 924 532 1000 πολλῷ
552 947 615 982 τε
650 922 934 983 κάλλιστα
970 922 1063 982 καὶ
1099 950 1175 981 π
1166 927 1300 1004 λλῷ
1333 925 1592 1006 μέγιστα.
1680 926 1795 1004 ἔχει
1828 928 1933 1003 μὲν

330 1005 444 1088 γὰρ
480 1008 572 1068 καὶ
607 1008 680 1069 τοὶ
715 1009 900 1071 πάντα
935 1010 1261 1088 προπύλαια
1290 1011 1499 1076 τύπους
1529 1038 1593 1074 τε
1625 1017 1933 1094 ἐγγεγλυμ-

330 1095 526 1169 μένους
553 1096 644 1155 καὶ
670 1094 856 1173 ἄλλην
874 1095 1008 1175 ὄψιν
1025 1097 1481 1176 οἰκοδομημάτων
1506 1125 1724 1177 μυριην,
1750 1105 1931 1162 ἐκεῖνα

331 1181 392 1241 δὲ
431 1184 522 1244 καὶ
551 1187 746 1263 μακρῷ
782 1184 1058 1262 μάλιστα.
1140 1186 1233 1245 ἐπὶ
1268 1186 1467 1247 τούτου
1501 1187 1930 1263 βασιλεύοντος,

331 1270 542 1352 ἔλεγον,
569 1271 790 1347 ἀμιξίης
831 1271 1032 1348 ἐούσης
1061 1269 1288 1348 πολλῆς
1323 1274 1639 1352 χρημάτων,
1665 1277 1929 1356 γενέσθαι

330 1356 504 1434 νόμον
537 1359 915 1440 Αἰγινπτίοισι,
953 1359 1352 1420 ἀποδεικνύντα
1393 1362 1652 1440 ἐνέχυρον
1684 1366 1786 1422 τοῦ
1826 1388 1929 1422 πα-

328 1445 460 1522 τρός
495 1446 598 1508 τᾶν
627 1448 788 1508 νέκυν
829 1447 972 1508 οὕτω
1011 1446 1329 1524 λαμβάνειν
1353 1447 1421 1508 τό
1447 1449 1633 1528 χρέος·
1692 1473 1931 1525 προστε-

329 1534 494 1608 θῆναι
533 1535 595 1595 δὲ
634 1537 714 1594 ἔτι
752 1535 928 1614 τούτῳ
965 1538 1046 1614 τῷ
1083 1535 1235 1616 νόμῳ
1273 1534 1449 1606 τόνδε,
1477 1535 1577 1595 τόν
1603 1535 1824 1595 διδόντα
1861 1537 1930 1598 τὰ

327 1622 494 1700 χρέος
539 1623 633 1682 καὶ
679 1621 905 1698 ἁπάσης
950 1623 1201 1700 κρατέειν
1244 1626 1345 1700 τῆς
1389 1627 1491 1684 τοῦ
1536 1623 1931 1700 λαμβάνοντος

330 1709 520 1787 θήκης·
580 1715 660 1791 τῷ
698 1711 760 1772 δὲ
797 1710 1115 1773 ὖποτιθέντι
1154 1713 1320 1773 τοῦτο
1359 1737 1426 1773 το
1469 1713 1728 1793 ἐνέχυρον
1766 1710 1931 1790 τήνδε

329 1802 540 1859 ε’πεῖναι
570 1800 772 1877 ζημίην
801 1798 883 1878 μῆ
923 1800 1257 1881 βουλομένῳ
1295 1800 1598 1862 α’ποδοΰναι
1636 1800 1703 1864 τὸ
1744 1803 1927 1881 χρέος,

326 1885 457 1962 μήτ’
483 1886 630 1967 αυτῷ
657 1889 839 1948 ἐκείνω
875 1888 1275 1963 τελευτήσαντι
1311 1888 1451 1949 εἶναι
1474 1892 1663 1965 ταφῆς
1690 1893 1931 1967 κυρῆσαι

327 1973 458 2051 μήτ
510 1980 570 2035 ἐν
616 1974 802 2055 ἐκεινῳ
850 2000 928 2055 τω
979 1976 1215 2055 πατρῴω
1268 1976 1431 2055 τάφῳ
1478 1974 1609 2053 μήτ’
1659 1980 1717 2037 ἒν
1770 1975 1931 2035 ἄλλω

326 2062 538 2139 μηδενὶ,
564 2062 709 2141 μήτε
747 2062 930 2125 ἄλλον
958 2062 1171 2141 μηδένα
1204 2066 1317 2123 τῶν
1357 2066 1557 2123 ἑωυτοῦ
1590 2061 1930 2143 α’πογενόμε·

328 2174 426 2210 νον
477 2150 674 2230 θάψαι.
739 2150 1189 2230 -ὕπερβαλέσθαι
1226 2150 1287 2209 δὲ
1325 2148 1681 2227 βουλόμενον
1730 2153 1931 2210 τοῦτον

325 2237 427 2299 τόν
457 2240 716 2315 βασιλέα
752 2240 882 2304 τούς
922 2238 1197 2316 πρότερον
1221 2239 1423 2297 ε’ωυτοῦ
1455 2236 1739 2313 βασιλέας
1775 2261 1930 2318 γενο-

325 2326 524 2402 μένους
569 2326 873 2409 Αἰγόπτου,
918 2325 1283 2403 μνημόσυνον
1321 2324 1609 2403 πυραμίδα
1658 2325 1930 2387 λιπέσθαι

327 2417 392 2473 ἔκ
435 2414 685 2476 πλίνθων
727 2415 1064 2491 ποιήσαντα·
1134 2418 1195 2475 ἐν
1233 2417 1305 2494 τῇ
1345 2413 1652 2496 γράμματα
1692 2418 1752 2475 ἔν
1789 2413 1931 2495 λίθῳ

328 2504 781 2580 ἐγκεκολαμμένα
818 2503 953 2563 τάδε
991 2500 1233 2584 λέγοντά
1273 2507 1416 2563 ε’στι·
1470 2508 1594 2562 ΜΗ
1636 2508 1751 2563 ΜΕ
1794 2508 1927 2563 KA-

325 2592 768 2657 ΤΟΝΟΣΘΗιΣ
809 2591 1022 2655 ΠΡΟΣ
1069 2592 1220 2656 TA}
1260 2593 1587 2655 ΛῙΘῙΝΑΣ
1628 2594 1931 2651 ΠΥΡΑΜ-

271 2722 276 2727 -
327 2679 534 2743 ῙΔΑΣ.
615 2684 942 2739 ΠΡΟΕΧΩ
967 2684 1116 2738 ΓΑΡ
1144 2684 1453 2739 ΑΥΤΕΩΝ
1492 2679 1927 2748 ΤΟΣΟΥΤΟΝ,

323 2763 558 2831 ὈΣΟΝ
583 2764 653 2825 ‘O
695 2767 888 2832 ΖΕΥΣ
924 2770 1084 2825 ΤΩΝ
1111 2772 1386 2827 ΑΑΛΩΝ
1418 2769 1646 2825 ΘΕΩΝ.
1732 2770 1927 2823 ΚΟΝ-

324 2856 448 2913 ΤΩι
507 2859 660 2914 ΓΑΡ
718 2853 1365 2918 ὙΠΟΤΥΠΤΟΝΤΕΣ
1424 2854 1526 2916 ΕΣ
1583 2856 1931 2922 ΑῙΜΝΗΝ,

322 2938 394 3001 Ὅ
433 2946 512 3001 TI
553 2943 1009 3005 ΠΡΟΣΧΟῙΤΟ
1050 2946 1209 3001 ΤΟΥ
1252 2944 1535 2999 ΠΗΛΟΥ
1571 2944 1695 2998 ΤΩι
1735 2943 1928 2998 ΚΟΝ-

322 3033 445 3087 ΤΩι
522 3034 776 3089 ΤΟΥΤΟ
859 3028 1441 3096 ΣΥΛΛΕΓΟΝΤΕΣ,
1518 3027 1928 3091 ΠΛῙΝΘΟΥΣ

321 3117 684 3187 ΕῙΡΥΣΑΝ,
732 3122 874 3177 ΚΑΙ
917 3122 1032 3175 ΜΕ
1074 3119 1365 3176 ΤΡΟΠΩι
1404 3118 1764 3173 ΤΟῙΟΥΤΩι
1804 3114 1929 3177 ΕΞ-

321 3205 765 3269 ΕΠΟΙΗΣΑΝ.
837 3206 1037 3265 τοῦτον
1059 3205 1165 3281 μὲν
1189 3203 1440 3262 τοσαῦτα
1465 3199 1868 3271 ἀποδέξασθαι.

405 3290 572 3351 Μετὰ
611 3291 674 3351 δὲ
709 3295 909 3351 τοῦτον
950 3292 1304 3366 βασιλεῦσαι
1344 3286 1519 3366 ἄνδρα
1563 3288 1786 3365 τυφλόν
1825 3288 1890 3358 ἐξ
1908 3286 2023 3347 137
