2250 3500
301 91 398 145 170
913 92 1273 142 ἩΡοΔοΤοϊ
1766 155 1777 160 ,
1801 93 1902 159 [11.

300 171 561 248 μηχανήν
587 171 801 230 ἐτίθετο
829 173 1117 230 ἑστεῶσαν
1144 172 1237 229 ἐπὶ
1265 173 1370 231 τοῦ
1395 169 1619 248 πρώτου
1644 173 1905 250 στοίχου·

301 258 420 316 ‹in-<3
441 256 650 316 τούτου
687 257 746 316 δὲ
783 257 875 315 ἐπὶ
909 256 1009 317 τόν
1041 255 1295 334 δεύτερον
1322 257 1517 317 ἕλκετο
1550 262 1788 336 στοῖχον
1818 259 1906 318 ἐπ’

300 341 483 426 ἄλλης
505 349 778 422 μηχανῆς·
821 344 952 404 ὅσοι
977 343 1086 424 γσῖρ
1115 342 1183 419 δή
1212 347 1440 422 στοῖχοι
1465 343 1615 419 ἦσαν
1639 350 1750 405 τῶν
1777 344 1906 405 άνα-

301 429 542 508 βαθμῶν
576 434 850 490 τοσαῦται
890 431 982 490 καὶ
1022 433 1081 489 αἱ
1118 431 1370 509 μηχαναὶ
1410 429 1579 506 ἦσαν·
1622 432 1674 490 εἶ
1709 456 1773 491 τε
1813 434 1908 492 καὶ

299 517 404 595 τήν
430 517 602 595 αὐτὴν
626 518 886 596 μηχανὴν
913 521 1120 578 ἐοῦσαν
1145 519 1280 593 μίαν
1304 543 1367 577 τε
1395 519 1488 577 καὶ
1515 518 1909 595 εὐβάστακτον

245 641 248 644 ·
301 605 644 684 μετεφόρεον
691 606 784 665 ἐπὶ
829 608 1066 683 στοῖχον
1113 605 1369 676 ἕκαστον,
1413 604 1555 668 ὅκως
1599 605 1700 666 τὸν
1741 607 1909 668 λίθον

303 695 563 764 ἐξέλοιεν·
605 693 859 772 λελέχθω
888 691 1000 773 γοὶρ
1033 691 1171 770 ἡμῖν
1204 691 1289 752 ἐπ’
1316 691 1630 769 οἷμφότερα,
1658 693 1906 772 κατάπερ

303 781 547 863 λέγεται.
617 779 913 856 ἐξεποιήθη
941 778 987 839 δ’
1015 778 1089 839 ὧν
1113 779 1188 840 τὰ
1214 779 1467 840 οἷνιότατα
1494 779 1667 856 αὐτῆς
1691 785 1904 858 πρῶτα·

301 869 444 945 μετοὶ
465 869 546 938 δὲ,
574 868 647 928 τὰ
679 867 922 944 ἑπόμενα
948 866 1157 927 τούτων
1184 867 1480 937 ἐξεποίευν·
1520 871 1815 927 τελευταῖα
1845 869 1907 928 δὲ

305 955 474 1030 αὐτῆς
523 954 597 1014 τοὶ
649 956 877 1035 ἐπίγαια
929 955 1023 1013 καὶ
1073 955 1147 1014 vd
1200 954 1495 1015 κατωτάτω
1548 955 1903 1030 ἐξεποίησαν.

302 1040 657 1120 σεσήμανται
710 1041 771 1101 δὲ
821 1039 913 1101 διὰ
957 1041 1303 1123 γραμμάτων
1353 1042 1673 1122 Αἰγυπτίων
1719 1047 1778 1102 ἐν
1831 1046 1907 1121 τῇ

303 1129 588 1207 πυραμίδι,
617 1127 731 1189 ὅσα
762 1129 817 1192 ἔς
849 1153 911 1188 τε
937 1130 1220 1206 συρμαίην
1245 1129 1337 1189 καὶ
1365 1127 1624 1207 κρόμμυα
1650 1129 1743 1189 καὶ
1770 1130 1906 1190 σκό-

299 1217 441 1294 ροδα
481 1215 833 1294 ἀναισιμώθη
872 1219 1028 1277 τοῖσι
1067 1217 1511 1298 ἐργαζομένοισι·
1560 1217 1654 1275 καὶ
1694 1215 1765 1280 ὥς
1805 1220 1907 1293 ἐμὲ

305 1303 365 1366 εὖ
403 1306 730 1384 μεμνῆσθαι
774 1303 848 1366 τοὶ
888 1302 921 1365 ὁ
963 1303 1223 1382 ἑρμηνεύς
1260 1329 1361 1381 μοι
1400 1303 1795 1385 ἐπιλεγόμενος
1831 1306 1905 1366 vd

300 1393 608 1474 γράμματα
646 1396 774 1471 ἔφη,
811 1389 1076 1462 ἑξακόσια
1112 1393 1207 1451 καὶ
1243 1391 1409 1470 χίλια
1445 1390 1698 1452 τάλαντα
1736 1390 1905 1473 οἷργυ-

300 1481 426 1557 ρίου
464 1482 814 1543 τετελέσθαι.
898 1484 947 1540 εἰ
986 1479 1034 1539 δ’
1077 1481 1200 1540 ἔστι
1246 1477 1416 1542 οὕτως
1464 1479 1665 1558 ἔχοντα
1706 1483 1903 1552 ταῦτα,

303 1568 450 1628 κόσα
485 1569 630 1632 εἰκός
662 1568 817 1628 ἄλλα
853 1566 1278 1643 δεδαπανῆσθαί
1314 1571 1438 1626 ἐστι
1478 1567 1532 1629 ἔς
1569 1571 1633 1626 τε
1671 1567 1906 1644 σίδηρον

301 1659 379 1734 τῷ
413 1657 727 1736 ἐργάζοντο,
767 1655 860 1715 καὶ
901 1655 1057 1717 σιτία
1097 1656 1191 1714 καὶ
1230 1655 1448 1731 ἐσθῆτα
1482 1657 1638 1714 τοῖσι
1677 1656 1903 1736 ἐργαζο-

303 1743 525 1818 μένοισι
542 1768 559 1812 3
601 1742 763 1804 ὁκότε
792 1742 997 1822 χρόνον
1029 1743 1135 1821 μὲν
1171 1741 1493 1820 οἰκοδόμεον
1521 1739 1594 1802 τοὶ
1630 1742 1765 1824 ἔργα
1801 1741 1905 1804 τόν

302 1830 602 1907 εἰρημένον,
625 1828 806 1891 ἄλλον
826 1830 902 1901 δὲ,
926 1830 998 1893 ὥς
1024 1830 1133 1912 ἐγω
1161 1830 1347 1901 δοκέω,
1370 1834 1431 1890 ἐν
1454 1833 1531 1909 τῷ
1553 1830 1684 1894 τοῦς
1708 1832 1903 1895 λίθους

301 1918 538 1995 ἔταμνον
564 1919 656 1977 καὶ
682 1944 838 2000 αγον,
862 1918 955 1978 καὶ
978 1917 1044 1978 τό
1071 1916 1181 1978 ὑπὸ
1208 1922 1319 1998 γῆν
1345 1916 1564 1999 ὄρυγμα
1584 1916 1901 1999 ἐργάζοντο,

209 2007 323 2065 126
342 2031 442 2066 ουκ
483 2006 680 2088 ὀλίγον
719 2004 940 2087 χρόνον.
1020 2004 1119 2068 Ἐς
1156 2008 1326 2066 τοῦτο
1369 2004 1429 2064 δε
1477 2006 1663 2065 ἐλθεῖν
1701 2005 1903 2065 Χεοπα

301 2094 620 2173 κακότητος,
657 2094 801 2156 ὥστε
834 2091 1135 2175 χρημάτων
1168 2092 1445 2171 δεόμενον,
1479 2118 1585 2168 την
1623 2081 1901 2173 θυγατέρα

299 2183 404 2259 τήν
458 2188 658 2245 ἑωυτοῦ
703 2185 1027 2245 κατίσαντα
1085 2179 1170 2241 ἐπ’
1223 2178 1524 2258 οἰκήματος
1581 2179 1902 2258 προστάξαι

302 2271 670 2349 πρήσσεσθαι
720 2270 982 2352 ἀργύριον
1033 2268 1242 2330 ὁκόσον
1293 2267 1363 2344 δή
1408 2293 1484 2329 τι·
1542 2267 1607 2328 οὗ
1660 2267 1773 2350 γαρ
1828 2268 1899 2344 δὴ

299 2358 469 2418 τοῦτό
493 2382 560 2439 γε
587 2359 800 2437 ἔλεγον·
840 2358 944 2434 τὴν
970 2358 1030 2417 δὲ
1060 2357 1134 2417 τά
1156 2382 1219 2417 τε
1252 2354 1364 2417 ὑπὸ
1395 2359 1496 2416 τοῦ
1521 2355 1734 2433 πατρὸς
1763 2381 1900 2435 ταχ·

302 2444 467 2503 θέντα
506 2443 889 2520 πρήσσεσθαι,
933 2444 1039 2523 ἰδίῃ
1080 2444 1142 2503 δὲ
1181 2444 1275 2504 καὶ
1315 2442 1489 2520 αὐτὴν
1535 2442 1901 2520 διανοηθῆναι

298 2529 578 2609 μνημήῖον
599 2532 1028 2601 καταλιπέσθαι,
1051 2532 1143 2591 καὶ
1168 2537 1269 2593 τοῦ
1292 2532 1541 2595 ἐσιόντος
1564 2530 1708 2610 πρός
1726 2530 1903 2608 αὐτὴν

301 2619 540 2681 ἑκάστου
581 2620 808 2680 δέεσθαι
846 2618 982 2683 ὅκως
1023 2616 1106 2679 ἂν·
1129 2618 1271 2699 αὐτῇ
1310 2620 1406 2680 ἕνα
1444 2620 1608 2681 λίθον
1648 2623 1707 2679 ἐν
1744 2622 1903 2680 τοῖσι

301 2710 518 2790 ἔργοισι
554 2707 829 2786 δωρέοιτο·
872 2711 932 2767 ἐκ
971 2705 1181 2768 τούτων
1221 2708 1282 2767 δὲ
1320 2710 1430 2768 τῶν
1469 2708 1643 2767 λίθων
1676 2707 1902 2782 ἔφασαν

298 2796 404 2872 τὴν
427 2797 713 2874 πυραμίδα
739 2795 1172 2874 οἰκοδομηθῆναι
1202 2792 1306 2870 τὴν
1332 2800 1391 2855 ἐν
1413 2795 1575 2873 μέσῳ
1599 2798 1710 2854 τῶν
1734 2798 1905 2871 τριιῖῖν

301 2886 612 2958 ἑστηκυῖαν,
655 2883 940 2960 ἔμπροσθε
977 2886 1080 2957 τῆς
1124 2881 1377 2961 μεγάλης
1422 2882 1750 2960 πυραμίδος·
1799 2885 1904 2957 τῆς

301 2973 424 3028 ἐστι
453 2969 522 3028 τό
561 2974 745 3030 κῶλον
787 2970 1024 3028 ἕκαστον
1056 2966 1197 3027 ὅλου
1232 2969 1325 3027 καὶ
1358 2968 1595 3045 ἡμίσεος
1627 2969 1901 3046 πλέθρου.

209 3054 320 3111 127
342 3059 696 3114 Βασιλεῦσαι
723 3056 782 3114 δὲ
806 3054 904 3116 τόν
930 3056 1129 3115 Χέοπα
1153 3058 1353 3114 τοῦτον
1378 3056 1677 3137 Αἰγύπτιοι
1705 3057 1903 3135 ἔλεγον

298 3139 641 3212 πεντήκοντα
681 3143 822 3201 ἔτεα·
875 3140 1319 3216 τελευτήσαντος
1360 3141 1420 3201 δὲ
1461 3143 1679 3213 τούτου,
1722 3142 1903 3213 ἐκδέξ-

302 3221 476 3278 ασθαι
498 3224 604 3297 τὴν
634 3228 948 3304 βασιληίην
971 3226 1072 3287 τὸν
1097 3225 1378 3301 ἅδελφεόν
1404 3227 1575 3289 αὐτοῦ
1600 3232 1901 3307 Χεφρῆνα·

21 3362 130 3443 R
