2250 3500
312 107 409 156 334
912 107 1261 157 ΗΡοΔοΤοτ
1779 104 1912 170 [IV.

309 188 580 268 γέφυραν,
598 185 638 265 ἢ
661 189 763 249 καί
780 214 838 249 τι
851 186 1016 249 Ἴωσι
1042 187 1200 258 δόξαι
1222 187 1291 248 τὸ
1315 186 1491 265 ἡμέας
1517 184 1640 246 οἶόν
1662 212 1726 246 τε
1751 190 1916 247 ἔσται

220 277 335 336 135
353 275 818 356 ἐξεργάσασθαι.”
882 277 1156 354 Γωβρύης
1178 277 1284 353 μὲν
1307 279 1484 336 ταῦτα
1509 275 1914 351 συνεβούλευε·

309 364 453 441 μετὰ
504 364 580 435 δὲ,
624 364 725 434 νύξ
771 389 835 424 τε
882 367 1101 446 ἐγένετο
1155 365 1248 423 καὶ
1302 367 1540 441 Δαρεῖος
1593 367 1800 442 ἐχρᾶτο
1840 369 1917 444 τῇ

311 451 504 533 γνώμῃ
528 451 723 532 ταύτῃ·
760 453 893 517 τούς
924 454 1028 529 μὲν
1066 452 1418 529 καματηρούς
1445 455 1556 511 τῶν
1581 450 1795 528 ἀνδρῶν
1822 455 1918 513 καὶ

309 544 421 600 τῶν
472 538 544 616 ἦν
596 541 898 620 ἐλάχιστος
950 541 1358 618 ἀπολλυμένων
1407 539 1598 620 λόγος,
1641 540 1736 599 καὶ
1783 541 1919 606 τοῦς

314 627 474 693 ὅνους
514 628 726 694 πάντας
766 629 1100 706 καταδήσας,
1129 629 1396 688 κατέλιπε
1434 627 1606 687 ‹uk-m*
1642 627 1820 708 ταύτῃ
1856 635 1918 690 ἐν

311 720 388 796 τῷ
438 718 821 797 στρατοπέδῳ.
902 718 1170 778 κατέλιπε
1223 717 1283 776 δὲ
1333 715 1462 780 τούς
1507 741 1570 776 τε
1614 715 1776 780 ὅνους
1823 719 1916 778 καὶ

310 805 441 870 τούς
482 806 753 872 σ’,σθενέας
804 811 905 883 τῆς
945 810 1214 883 στρατιῆς
1251 805 1424 866 τῶνδε
1465 804 1686 865 εἵνεκεν·
1731 805 1822 865 ἵνα
1861 811 1916 867 οἶ

310 896 415 969 μὲν
439 893 558 954 ὄνοι
575 895 727 971 βοήν
751 896 1119 975 παρέχωνται·
1147 897 1202 954 οἱ
1227 893 1289 954 δὲ
1313 892 1596 970 ἄνθρωποι
1619 892 1916 970 ἀσθενείης

314 984 419 1056 μὲν
485 982 687 1042 εἵνεκεν
753 985 1136 1052 κατελίποντο,
1199 980 1525 1059 προφασιος
1591 981 1651 1040 δὲ
1715 983 1913 1058 τῆσδε·

316 1068 532 1144 δηλαδὴ
585 1068 751 1134 αυτός
802 1073 909 1146 μὲν
959 1071 1068 1130 σῦν
1118 1074 1198 1150 τῷ
1251 1070 1476 1148 καθαρῷ
1518 1073 1620 1129 τοῦ
1663 1072 1915 1163 στρατοῦ

312 1155 689 1231 ἐπιθήσεσθαι
738 1159 948 1234 μέλλοι
996 1161 1153 1218 τοῖσι
1207 1157 1478 1236 Σκύθῃσι,
1527 1154 1682 1216 οὗτοι
1735 1157 1796 1216 δὲ
1846 1164 1914 1219 τὸ

314 1243 697 1320 στρατόπεδον
749 1248 951 1307 τοῦτον
999 1271 1103 1306 τον
1155 1245 1360 1324 χρόνον
1409 1245 1655 1321 ῥυοίατο.
1738 1249 1916 1306 ταῦτα

311 1336 464 1391 τοῖσι
508 1332 1008 1411 ὕπολειπομένοισι
1058 1333 1400 1410 ύποθέμενος
1452 1332 1484 1392 ὅ
1530 1335 1770 1409 Δαρεῖος
1820 1336 1916 1394 καὶ

311 1419 463 1496 πυρὰ
525 1421 815 1492 ἐκκαύσας,
873 1420 978 1498 τήν
1033 1421 1314 1500 ταχίστην
1366 1421 1616 1500 ἐπείγετο
1669 1421 1764 1480 ἐπὶ
1813 1422 1916 1482 τὸν

302 1505 551 1584 Ἴστρον·
608 1512 661 1568 οἱ
701 1509 760 1568 δὲ
798 1507 919 1570 ὄνοι
958 1509 1330 1585 ἐρημωθέντες
1366 1511 1468 1568 τοῦ
1507 1507 1729 1584 ὅμιλον,
1771 1507 1916 1570 οὕτω

312 1596 418 1669 μὲν
444 1595 512 1669 δή
535 1600 765 1670 μᾶλλον
788 1601 989 1675 πολλῷ
1016 1597 1176 1656 ἵεσαν
1197 1599 1298 1672 τῆς
1324 1599 1533 1671 φωνῆς·
1573 1595 1916 1661 ἀκούσαντες

313 1681 374 1739 δὲ
400 1684 455 1740 οἱ
482 1682 692 1746 Σκύθαι
720 1688 831 1743 τῶν
856 1684 1013 1755 ὄνων,
1040 1683 1234 1765 πάγχυ
1275 1684 1417 1744 κατὰ
1455 1681 1642 1765 χώρην
1672 1683 1916 1761 ἤλπιζον

221 1770 335 1827 136
350 1769 479 1831 τούς
505 1770 736 1845 Πέρσας
762 1771 921 1830 εἶναι.
986 1770 1237 1848 Ἡμέρης
1263 1772 1323 1831 δὲ
1345 1773 1660 1853 γενομένης,
1685 1772 1918 1851 γνόντες

315 1857 371 1913 οἱ
395 1854 830 1934 ὑπολειφθέντες
858 1858 929 1921 ὥς
952 1858 1354 1936 προδεδομένοι
1379 1859 1488 1919 εἶεν
1511 1858 1622 1919 ὖπό
1652 1862 1912 1938 Δαρείου,

310 1941 502 2020 χεῖράς
524 1970 586 2003 τε
616 1946 1000 2022 προετείνοντο
1036 1950 1192 2007 τοῖσι
1219 1947 1474 2025 Σκύθῃσι
1501 1948 1592 2005 καὶ
1620 1948 1818 2028 ἔλεγον
1842 1950 1918 2009 τὰ

313 2030 749 2106 κατήκοντα·οἶ
780 2033 841 2092 δὲ
885 2060 957 2097 ως
994 2032 1248 2109 ἥκουσαν
1276 2038 1470 2105 ταῦτα,
1503 2035 1608 2110 τὴν
1635 2035 1917 2113 ταχίστην

290 2122 751 2207 συστραφέντες,
785 2121 850 2181 αἴ
873 2147 936 2182 τε
967 2121 1066 2180 δύο
1098 2124 1295 2199 μοῖραι
1328 2125 1439 2181 τῶν
1476 2122 1731 2187 Σκυθέων
1757 2125 1852 2182 καὶ
1875 2124 1915 2201 ἦ

310 2206 433 2281 μία,
460 2207 817 2284 Σαυρομάται
852 2210 945 2268 καὶ
978 2209 1238 2269 Βουδῖνοι
1269 2210 1363 2268 καὶ
1398 2209 1660 2279 Γελωνοὶ,
1687 2210 1916 2273 ἐδίωκον

310 2317 441 2355 τους
468 2294 698 2370 Πέρσας
726 2295 815 2355 ἷθυ
849 2299 949 2354 τοῦ
977 2294 1232 2372 Ἴστρου·
1272 2322 1372 2355 ατε
1405 2297 1465 2356 δὲ
1493 2301 1595 2356 τοῦ
1622 2302 1915 2373 Περσικοῦ

309 2382 415 2455 μὲν
438 2384 540 2440 τοῦ
564 2385 786 2440 πολλοῦ
814 2382 1001 2446 ἐόντος
1024 2385 1198 2454 πεζοῦ
1221 2388 1468 2460 στρατοῦ
1507 2385 1598 2443 καὶ
1624 2384 1725 2447 τοὶς
1751 2385 1918 2450 ὁδοὺς

312 2465 411 2524 οὐκ
440 2470 828 2544 ἐπισταμένου,
853 2468 999 2530 ὥστε
1020 2469 1084 2529 οὗ
1110 2470 1466 2548 τετμημένων
1488 2476 1599 2532 τῶν
1625 2471 1785 2543 ὁδῶν,
1812 2478 1918 2533 τοῦ

312 2553 372 2612 δὲ
423 2554 697 2618 Σκυθικοῦ
752 2555 996 2618 ἱππότεω
1048 2559 1143 2617 καὶ
1191 2559 1265 2619 τοὶ
1319 2559 1574 2636 σύντομα
1623 2562 1728 2635 τῆς
1778 2560 1916 2622 ὁδοῦ

313 2642 704 2718 ἐπισταμένου,
732 2643 1076 2721 ἁμαρτόντες
1108 2645 1398 2721 ἀλλήλων,
1426 2648 1686 2723 ἔφθησαν
1712 2652 1918 2729 πολλῷ

312 2732 365 2789 οἱ
387 2729 601 2794 Σκύθαι
627 2756 756 2795 τσυς
782 2731 1068 2808 Πέρσας’
1042 2759 1134 2792 επι
1158 2758 1263 2809 την
1286 2732 1604 2814 γέφυραν’
1567 2734 1915 2812 απικόμενοι,

309 2816 583 2891 μαθόντες
625 2819 685 2879 δὲ
712 2820 843 2883 τοῦς
880 2820 1115 2898 Πέρσας
1151 2846 1294 2880 ουκω
1337 2821 1676 2903 ἀπιγμένους
1717 2826 1918 2905 ἕλε-γον

307 2904 449 2978 πρὸς
499 2905 630 2967 τούς
669 2904 865 2969 Ἴωνας
906 2907 1096 2971 ἐόντας
1151 2913 1210 2969 ἐν
1253 2912 1392 2987 τῇσι
1434 2910 1619 2986 νηυσί·
1679 2911 1917 2990 ς’ἅνδρες

297 2985 500 3058 Ἴωνες,
539 2993 605 3049 αἴ
634 3018 697 3053 τε
734 2993 939 3071 ἡμέραι
980 2995 1111 3071 υμῖν
1151 3000 1254 3055 τοῦ
1299 2997 1542 3075 ἀριθμου
1585 2998 1913 3077 διοίχηνται,

310 3075 403 3131 καὶ
456 3102 521 3133 ου
560 3077 775 3138 ποιέετέ
814 3107 881 3161 γε
922 3082 1176 3140 δίκαια”
1149 3109 1227 3142 ετι
1269 3086 1701 3162 παραμένοντες·
1759 3085 1914 3156 ἀλλ’,

308 3160 429 3215 ἐπεὶ
479 3162 752 3239 πρότερον
790 3167 1161 3244 δειμαίνοντες
1215 3172 1453 3247 ἐμένετε,
1495 3199 1596 3234 νυν
1637 3173 1918 3239 λύσαντες

306 3240 407 3299 τὸν
438 3246 617 3321 πόρον
652 3250 757 3324 τήν
789 3255 1068 3331 ταχίστην
1098 3255 1264 3317 ἄπιτε
1289 3260 1579 3339 χαίροντες
1605 3259 1913 3338 ἐλεύθεροι,
