2250 3500
372 149 436 195 36
982 147 1349 200 ἨΡΟΔΟΤΟΤ
1900 145 1969 211 [1-

374 227 565 302 Μῆδοι
604 227 730 288 ἐπεί
761 253 824 288 τε
864 227 1008 289 εἶδον
1045 227 1217 289 νύκτα
1256 228 1379 288 ἀντὶ
1416 229 1627 306 ἤμέρης
1655 227 1968 308 γινομένην,

367 318 470 390 ’τῆς
499 314 686 395 μάχης
721 341 785 376 τε
819 315 1153 386 ἐπαύσαντο,
1195 317 1287 376 καὶ
1324 316 1551 394 μᾶλλόν
1588 342 1645 376 τι
1688 316 1973 376 ἔσπευσαν

369 401 464 460 καὶ
513 403 826 483 ἀμφότεροι
877 404 1095 481 εἰρήνην
1142 407 1396 465 ἑωυτοῖσι
1444 405 1729 484 γενέσθαι.
1812 407 1867 462 οἰ
1911 403 1972 462 δὲ

371 490 845 568 συμβιβάσαντες
885 491 1086 555 αὐτοῦς
1122 490 1275 568 ἦσαν
1316 491 1459 551 οἵδε·
1505 491 1799 556 Συέννεσίς
1835 517 1900 551 τε
1936 490 1972 551 ὅ

370 578 550 649 Κίλιξ
571 580 664 640 καὶ
692 579 1025 658 Λαβύνητος
1055 579 1087 639 o‘
1115 579 1498 656 Βαβυλώνιος·
1540 577 1701 639 οὗτοί
1728 585 1843 655 σφι
1876 580 1971 639 καὶ

368 665 438 726 τὸ
473 665 658 743 ὅρκιον
689 671 744 728 οἰ
779 668 1127 730 σπεύσαντες
1158 667 1424 748 γενέσθαι
1459 665 1610 743 ἦσαν
1647 667 1739 726 καὶ
1772 666 1969 747 γάμων

369 755 745 838 ἐπαλλαγὴν’
719 757 1010 830 εποίησαν·
1040 753 1352 815 Ἀλυάττεα
1376 753 1487 836 γάρ
1510 756 1757 836 ἔγνωσαν
1778 754 1969 814 δοῦναι

364 841 472 918 τὴν
487 843 764 924 θυγατέρα
779 841 1041 952 Ἀρύηνιν
1053 840 1355 924 Ἀστυάγει
1371 869 1449 920 τῳ
1420 841 1771 920 Κυαξάρεω
1790 843 1966 902 παιδί.

367 928 496 989 ἄνευ
519 954 630 1010 γαρ
657 929 958 1010 ἀναγκαίης
991 933 1227 1008 ἰσχυρῆς
1262 901 1630 1007 συμβιάσιες’
1612 931 1839 1009 ισχυραὶ
1864 928 1967 989 ούκ

366 1017 631 1077 ἐθέλουσι
675 1017 994 1095 συμμένειν.
1077 1015 1237 1094 ὅρκια
1283 1017 1344 1076 δὲ
1387 1017 1633 1077 ποιέεται
1676 1021 1851 1078 ταῦτα
1892 1043 1965 1077 τα

367 1105 525 1164 ἔθνεα
549 1103 622 1164 τά
645 1130 752 1182 περ
777 1131 840 1165 τε
860 1104 1159 1182 Ελληνες·
1200 1105 1295 1166 καὶ
1324 1131 1468 1182 προς
1500 1103 1769 1174 τούτοισι,
1798 1105 1965 1166 ἐπεοὶν

363 1216 494 1256 τους
529 1195 839 1273 βραχίονας
873 1192 1246 1270 ἐπιτάμωνται
1286 1198 1342 1258 ἐς
1378 1191 1484 1270 Τἢν
1520 1193 1863 1273 ομοχροιιην,
1894 1218 1963 1255 το

367 1279 507 1356 αἷμα
530 1279 894 1361 ἀναλείχουσι
917 1280 1205 1358 ἀλλήλων.

272 1366 350 1428 75
447 1372 658 1430 Τοῦτον
682 1369 819 1446 δῆ’
779 1396 854 1430 ων
877 1395 978 1430 τον
1001 1368 1321 1452 Ἀστυάγεα
1347 1370 1599 1446 Κῦρος,’
1573 1367 1733 1430 εόντα
1762 1373 1963 1430 ἑωυτοῦ

365 1457 780 1536 μητροπάτορα,
813 1457 1339 1536 καταστρεψάμενος
1376 1457 1511 1536 ἔσχε
1545 1454 1613 1517 δι’
1648 1459 1829 1533 αἰτίην
1858 1457 1965 1534 τήν

366 1545 474 1626 ἐγω
511 1551 571 1606 ἐν
602 1551 757 1607 τοῖσι
791 1545 975 1606 ὀπίσω
1010 1545 1240 1627 λόγοισι
1280 1545 1561 1622 σημανέω·
1600 1571 1673 1606 τα
1712 1550 1964 1622 Κροῖσος

366 1634 817 1711 ἐπιμεμφόμενος
841 1639 918 1712 τῷ
944 1632 1180 1711 Κύρω,”
1152 1658 1205 1697 ες
1228 1658 1292 1693 τε
1315 1657 1389 1692 τα
1406 1631 1726 1711 χρηστήρια
1753 1635 1965 1710 ἔπεμπε

357 1724 416 1793 ,εἰ
449 1720 818 1797 στρατεύηται
857 1721 949 1781 ἐπὶ
982 1721 1230 1797 Πέρσας,
1264 1720 1358 1781 καὶ
1396 1719 1465 1797 δὴ
1500 1721 1592 1781 καὶ
1625 1719 1963 1800 ἀπικομένου

363 1813 628 1888 χρησμοῦ
648 1809 925 1886 κιβδήλου
946 1809 1187 1873 ἐλπίσας
1203 1808 1347 1887 πρός
1365 1813 1566 1869 ἑωυτοῦ
1582 1808 1682 1871 τόν
1698 1810 1963 1890 χρησμὸν

366 1895 522 1966 εἶναι,
557 1896 916 1974 ἐστρατεύετο
956 1900 1011 1959 ἐς
1049 1896 1155 1971 τὴν
1184 1898 1452 1974 Περσέων
1486 1900 1707 1975 μοῖραν.
1790 1898 1861 1961 ὥς
1900 1899 1963 1959 δὲ

364 1980 594 2044 ἀπίκετο
621 1985 711 2057 ἐπὶ
735 1983 834 2045 τᾶν
848 1984 1032 2044 Ἀλυν
1055 1984 1310 2062 ποταμὸν
1335 1984 1367 2045 ὅ
1396 1988 1661 2062 Κροῖσος,
1687 1984 1754 2046 τὸ
1780 1986 1963 2045 ἐνθεῦ·

360 2098 471 2143 τεν,
515 2070 586 2137 ὥς
626 2074 732 2150 μὲν
771 2072 880 2154 ἐγώ
923 2072 1089 2155 λέγω,
1132 2070 1273 2131 κατὰ
1318 2072 1419 2135 τάς
1466 2070 1668 2136 ἐούσας
1711 2071 1963 2154 γεφύρας

361 2160 665 2237 διεβίβασε
688 2160 794 2223 τόν
820 2158 1080 2239 στρατόν·
1123 2158 1197 2223 αἷς
1230 2160 1289 2219 δὲ
1319 2159 1351 2220 ὁ
1384 2159 1603 2227 πολλὸς
1632 2158 1805 2241 λόγος
1828 2159 1961 2220 Ἑλ-

278 2258 284 2265 ’
327 2304 331 2308 .
362 2248 561 2323 λήνων,
582 2252 776 2325 Θαλῆς
796 2251 850 2308 οἰ
875 2248 908 2308 ὁ
929 2246 1219 2324 Μιλήσιος
1244 2247 1565 2323 διεβίβασε.
1626 2246 1963 2325 ἀπορέοντος

360 2336 471 2416 γοὶρ
519 2337 774 2413 Κροίσου
818 2334 957 2398 ὅκως
1003 2338 1057 2393 οἰ
1103 2334 1441 2411 διαβήσεται
1484 2332 1588 2394 τόν
1630 2334 1887 2411 ποταμὸν
1921 2336 1961 2396 ὁ

363 2421 620 2499 στρατὸς,
647 2421 736 2502 (οὗ
761 2420 871 2503 γοὶρ
897 2420 966 2497 δὴ
1000 2420 1145 2481 εἶναί
1172 2447 1249 2480 κω
1278 2427 1477 2482 τοῦτον
1502 2421 1601 2482 τόν
1624 2420 1830 2501 χρόνον
1858 2422 1963 2486 τοὶς

358 2508 609 2590 γεφύρας
632 2508 876 2589 ταύτας,)
901 2508 1127 2589 λέγεται
1150 2508 1428 2586 παρεόντα
1450 2508 1552 2569 τόν
1570 2511 1775 2584 Θαλῆν
1800 2514 1861 2568 ἐν
1883 2515 1965 2589 τῷ

361 2598 736 2677 στρατοπέδῳ,
757 2601 994 2673 ποιῆσαι
1019 2596 1165 2675 αὐτῷ
1184 2596 1284 2657 τὸν
1302 2596 1557 2673 ποταμόν
1576 2596 1641 2665 ἐξ
1663 2595 1963 2674 ἀριστερῆς

356 2685 543 2767 χειρὸς
567 2686 767 2763 ῥέοντα
791 2690 893 2745 τοῦ
919 2688 1166 2762 στρατοῦ
1192 2684 1283 2743 καὶ
1310 2689 1370 2742 ἐκ
1392 2684 1572 2760 δεξιῆς
1596 2683 1759 2761 ῥέειν·
1800 2689 1963 2761 ποιῆ-

358 2798 460 2832 σαι
506 2773 567 2833 δὲ
619 2770 742 2834 ὧδε·
795 2772 1002 2834 ἀνωθεν
1052 2774 1155 2831 τοῦ
1201 2770 1588 2847 στρατοπέδου
1612 2769 1960 2848 ἀρξάμενον,

358 2859 600 2940 διώρυχα
622 2861 841 2937 βαθέην
867 2859 1133 2937 ὀρύσσειν
1160 2857 1368 2939 ἄγοντα
1393 2858 1702 2934 μηνοειδέα,
1732 2858 1869 2923 ὅκως
1894 2859 1965 2920 ἂν

356 2946 425 3009 τὰ
461 2948 843 3025 στρατόπεδον
875 2946 1162 3023 ἱδρυμένον
1194 2942 1335 3004 κατοὶ
1370 2943 1543 3004 νώτου
1575 2944 1755 3021 λάβοι
1788 2945 1964 3027 ταύτῃ

361 3035 501 3097 κατὰ
551 3035 656 3111 τήν
700 3033 942 3112 διώρυχα
993 3029 1399 3107 ἐκτραπόμενος
1452 3036 1513 3091 ἐκ
1563 3036 1675 3091 τῶν
1719 3032 1964 3112 ἀρχαίων

359 3120 610 3197 ῥεέθρων,
640 3122 734 3180 καὶ
769 3120 922 3181 αὖτις
955 3115 1445 3193 παραμειβόμενος
1475 3117 1543 3179 τό
1579 3120 1962 3196 στρατόπεδον

295 3240 300 3245 -
363 3210 420 3267 ἐς
450 3206 521 3264 τά
551 3208 760 3285 ἀρχαῖα
792 3203 1098 3280 ἐσβάλλοι·
1142 3201 1305 3270 ὥστε,
1333 3205 1456 3263 ἐπεί
1484 3230 1548 3264 τε
1585 3207 1678 3264 καὶ
1712 3208 1963 3284 ἐσχίσθη

358 3290 604 3368 τάχιστα
627 3294 660 3352 ὁ
686 3291 958 3368 ποταμός,
983 3287 1279 3367 ἀμφοτέρῃ
1306 3288 1578 3368 διαβατᾶς
1604 3292 1841 3373 ἐγένετο.
1906 3297 1964 3354 οἰ
