2250 3500
327 163 395 212 42
939 157 1306 206 ‘HPOAOTO'I'
1860 157 1932 223 [I.

327 238 470 299 κατὰ
493 237 738 298 τὸ·ἀλλο
771 239 958 316 τεῖχος
987 237 1323 314 περιενείκας
1356 241 1429 317 τῇ
1464 236 1537 314 ἦν
1561 236 1841 316 ἐπίμαχον
1866 240 1936 299 τὰ

326 327 530 406 χωρίον
560 329 660 401 τῆς
691 325 1046 403 ἀκροπόλιος,
1081 325 1439 404 κατηλόγησε
1474 324 1691 394 τούτου,
1726 324 1799 388 ὦς
1842 326 1935 386 ε’ὃν

331 414 552 493 ἄμαχόν
576 439 638 472 τε
669 414 763 472 καὶ
795 412 1098 491 ἀπότομον·
1140 413 1263 473 ἔστι
1295 413 1355 472 δὲ
1378 411 1521 489 πρός
1550 418 1652 473 τοῦ
1693 412 1937 490 Τμώλου

327 502 703 577 τετραμμένον
725 505 827 577 τῆς
849 501 1070 564 πόλιος.
1153 499 1187 560 ὁ
1227 499 1301 560 ὧν
1337 500 1407 576 δὴ
1441 499 1735 576 Ὑροιάδης
1770 501 1937 564 airas-

327 587 386 671 [ὁ
413 588 684 670 Μάρδος,]
715 588 840 648 ῑδῶν
863 593 936 667 τῇ
961 588 1265 666 προτεραίῃ
1289 591 1401 647 τῶν
1424 588 1549 648 τινὰ
1574 590 1769 649 Λυδῶν
1793 589 1939 649 κατεὶ-

328 680 495 737 τοῦτο
519 681 620 752 τῆς
645 675 985 753 ἀκροπόλιος
1009 676 1335 751 καταβάντα
1372 674 1464 734 ἐπὶ
1500 676 1694 752 κυνέην
1728 676 1938 737 ἀνωθεν

330 765 855 833 κατακυλισθεῖσαν,
893 763 986 821 καὶ
1031 761 1385 839 ἀνελόμενον,
1429 763 1693 840 ἐφράσθη
1738 764 1831 823 καὶ
1877 769 1935 827 ἐς

331 851 508 928 θυμὸν
534 851 797 926 ἐβάλετο.
838 850 964 910 τότε
997 849 1058 908 δὲ
1081 850 1157 926 ’δή
1196 850 1229 910 ὁ
1266 849 1431 915 αὐτός
1460 877 1524 911 τε
1556 851 1929 928 ἀναβεβήκεε,

279 953 284 956 “
335 940 428 997 καὶ
455 935 571 997 κατ’
598 937 768 997 αὔτὸν
791 936 964 997 ἄλλοι
990 938 1260 1015 Περσέων
1286 937 1600 1015 ἀνέβαινον·
1642 939 1937 1018 προσβάν-

331 1051 440 1085 των
479 1025 537 1084 δὲ
571 1029 808 1104 συχνῶν,
847 1024 988 1086 οὕτω
1025 1025 1094 1102 δή
1138 1025 1369 1104 Σάρδιές
1405 1051 1471 1087 τε
1509 1026 1807 1104 ήλιύκεσαν
1843 1027 1937 1087 καὶ

333 1117 448 1172 πᾶν
471 1111 712 1194 τὸ-ἀστυ
739 1113 1051 1189 ἐπορθέετο.

237 1193 326 1260 85
417 1199 557 1259 Κατ’
584 1199 752 1261 αὖτόν
777 1201 836 1260 δὲ
856 1204 1110 1278 Κροῖσον
1134 1201 1267 1262 τάδε
1293 1201 1529 1284 ἐγένετο.
1608 1200 1682 1278 ἦν
1705 1205 1761 1262 οἳ
1784 1205 1934 1272 παῖς,

331 1287 433 1348 τοῦ
458 1288 550 1346 καὶ
574 1286 846 1366 πρότερον
871 1287 1245 1366 ἐπεμνήσθην,
1270 1288 1343 1349 τοὶ
1372 1292 1477 1366 μὲν
1512 1287 1667 1348 ἀλλα
1693 1290 1936 1365 ἐπιεικής

332 1374 552 1451 ἄφωνος
572 1375 651 1436 δέ.
721 1381 780 1437 ἐν
797 1380 870 1456 τῇ
897 1376 972 1436 ὦν
994 1376 1362 1456 παρελθούσῃ
1390 1375 1612 1436 εὐεστοῖ
1629 1376 1660 1436 ὁ
1684 1381 1935 1454 Κροῖσος

330 1463 398 1526 τὸ
424 1469 537 1524 πᾶν
565 1467 620 1528 ἐς
645 1465 812 1526 αὐτὸν
839 1465 1181 1541 ἐπεποιήκεε,
1209 1464 1364 1524 ἀλλα
1400 1489 1465 1524 τε
1498 1465 1935 1543 ἐπιφραζόμενος

333 1554 428 1612 καὶ
453 1553 520 1628 δὴ
549 1554 641 1612 καὶ
667 1559 724 1616 ἐς
743 1553 1007 1629 Δελφούς
1029 1554 1161 1630 περὶ
1186 1551 1355 1612 αὐτοῦ
1375 1551 1699 1630 ἐπεπόμφεε
1720 1579 1935 1635 χρησο-

331 1641 548 1718 μένους·
588 1640 628 1716 ‘q‘
655 1641 714 1699 δὲ
740 1641 927 1716 Πυθίη
953 1643 1006 1698 οἱ
1032 1640 1156 1699 εἶπε
1179 1639 1329 1699 τάδε·

429 1764 556 1812 Λυδὲ
587 1763 736 1823 γένος,
776 1764 972 1811 πολλῶν
1005 1765 1227 1825 βασιλεῦ,
1263 1764 1395 1825 μέγα
1426 1764 1566 1823 νήπιε
1600 1764 1796 1827 Κροῖσε,

428 1836 497 1894 μὴ
531 1838 706 1897 βούλευ
740 1837 1032 1883 πολύευκτον
1065 1836 1141 1894 ἰὴν
1175 1837 1265 1883 ἀνὰ
1298 1836 1477 1895 δώματ’
1512 1838 1697 1885 ἀκούειν

433 1908 601 1957 παιδὸς
633 1908 984 1967 φθεγγομένου.
1052 1909 1110 1955 τὸ
1144 1909 1199 1955 δέ
1230 1924 1307 1957 σοι
1341 1910 1468 1957 πολὺ
1500 1910 1643 1957 λώϊον
1676 1910 1826 1972 ἀμφὶς

431 1980 645 2038 ἔμμεναι·
683 1980 880 2039 αὐδήσει
909 1981 1009 2042 ’γὰρ
1042 1980 1093 2027 ἐν
1125 1980 1279 2038 ἤματι
1312 1983 1499 2044 πρῶτον
1534 1982 1738 2045 ἀνόλβῳ.

333 2078 711 2159 ἁλισκομένου
731 2079 918 2157 δήτοῦ
940 2081 1172 2161 τείχεος,
1192 2080 1280 2158 ἤϊε
1298 2082 1411 2162 γάρ
1429 2085 1540 2143 τῶν
1561 2107 1647 2145 τις
1668 2082 1934 2160 Περσέων

330 2167 699 2251 ἀλλογνώσας
741 2173 997 2247 Κροῖσον
1039 2168 1112 2234 ὥς
1149 2170 1505 2240 ἀποκτενέων,
1545 2174 1797 2248 Κροῖσος
1829 2172 1935 2247 μέν

330 2282 429 2334 μιν
472 2257 642 2334 ὁρέων
689 2257 915 2317 ἐπιόντα
955 2258 1068 2318 ὖπό
1113 2262 1217 2334 τῆς
1266 2256 1583 2335 παρεούσης
1632 2263 1934 2335 συμφορῆς

331 2344 737 2420 παρημελήκεε,
760 2345 888 2403 οὐδέ
904 2370 960 2404 τι
981 2348 1036 2403 οἱ
1055 2344 1276 2421 διέφερε
1294 2344 1567 2424 πληγέντι
1588 2342 1933 2405 ἀποθανέειν·

331 2430 364 2489 ὅ
390 2431 450 2489 δὲ
474 2435 605 2492 παῖς
631 2428 790 2493 οὗτος
815 2429 848 2490 ὅ
874 2429 1096 2506 ἄφωνος
1128 2430 1201 2493 ὥς
1240 2430 1349 2489 εἶδε
1386 2429 1611 2489 ἐπιόντα
1644 2429 1746 2489 τᾶν
1787 2432 1934 2508 Πέρ-

332 2542 459 2591 σην,
484 2516 595 2575 ὕπὸ
621 2516 775 2580 δέους
798 2542 861 2577 τε
888 2518 979 2575 καὶ
1017 2520 1188 2576 κακοῦ
1226 2516 1418 2594 ἔρρηξε
1460 2515 1667 2592 φωνὴν,
1697 2515 1819 2577 εἷπε
1852 2518 1933 2577 δέ·

331 2602 646 2680 ((ὤνθρωπε,
667 2604 748 2681 μή
777 2608 950 2665 κτεῖνε
972 2603 1278 2681 Κροῖσον.”
1360 2601 1518 2667 οὗτος
1542 2606 1646 2680 μὲν
1673 2603 1741 2681 δή
1765 2609 1934 2666 τοῦτο

333 2695 555 2770 πρῶτον
595 2693 928 2773 ἐφθέγξατο·
966 2692 1110 2771 μετοῖ
1144 2693 1205 2752 δὲ
1242 2697 1409 2753 τοῦτο
1442 2690 1551 2769 ἤδη
1592 2692 1798 2769 ἐφώνεε
1835 2694 1934 2753 τᾶν

240 2778 316 2834 86
333 2780 515 2841 πάντα
552 2781 758 2861 χρόνον
795 2786 896 2857 τῆς
936 2779 1083 2857 ζόης.
1168 2784 1244 2842 Οἱ
1278 2781 1339 2841 δὲ
1378 2782 1602 2857 Πέρσαι
1637 2780 1738 2843 τάς
1767 2805 1830 2841 τε
1864 2780 1933 2857 δή

335 2868 536 2946 Σάρδις
562 2872 751 2949 ἔσχον,
775 2870 866 2929 καὶ
884 2869 1052 2929 αὐτὸν
1070 2873 1325 2946 Κροῖσον
1344 2868 1666 2951 ἐζώγρησαν
1691 2868 1934 2946 ἄρξαντα

333 2957 457 3015 ἔτεα
505 2957 1011 3035 τεσσερεσκαίδεκα
1051 2957 1146 3016 καὶ
1182 2958 1685 3035 τεσσερεσκαίδεκα
1722 2956 1935 3034 ἡμέρας

333 3046 790 3122 πολιορκηθέντα,
808 3044 948 3106 κατὰ
966 3044 1035 3105 τὸ
1050 3045 1399 3123 χρηστήριόν
1414 3068 1477 3105 τε
1498 3044 1935 3108 καταπαύσαντα

332 3130 436 3203 τήν
477 3136 675 3194 ἑωυτοῦ
715 3133 970 3215 μεγάλην
1011 3132 1212 3211 ἀρχήν·
1254 3132 1532 3210 λαβόντες
1572 3134 1631 3193 δὲ
1672 3131 1841 3192 αὐτὸν
1880 3134 1935 3190 οἶ

332 3214 558 3291 Πέρσαι
581 3218 796 3301 ἤγαγον
829 3220 985 3298 παρά
1025 3224 1235 3298 Κῦρον·
1278 3220 1310 3281 ὅ
1343 3222 1403 3281 δὲ
1434 3220 1719 3298 συννήσας
1753 3216 1935 3295 πυρὴν

331 3301 603 3382 μεγάλην,
643 3306 962 3384 ἀνεβίβασε
1001 3305 1086 3367 ἐπ’
1125 3307 1301 3387 αὐτὴν
1337 3309 1439 3371 τᾶν
1480 3306 1738 3386 Κροῖσόν
1773 3328 1837 3367 τε
1876 3308 1937 3365 ἐν
