2250 3500
310 113 571 178 99—-103J
914 115 1366 170 ΜΕΛΠΟΜΕΝΗ.
1825 123 1917 171 321

313 196 499 276 μυχὸν
523 201 625 272 τῆς
650 199 853 273 λίμνης
877 196 1096 274 ταύτης.
1147 207 1150 210 ’
1178 198 1286 275 ἤδη
1308 198 1386 260 ὧν
1412 199 1525 262 α’πό
1553 203 1656 279 μὲν
1669 201 1916 279 Ἴστρου,

315 285 388 346 τὰ
418 285 725 362 κατύπερθε
748 291 801 348 ἐς
820 286 924 362 τήν
941 286 1258 368 μεσόγαιαν
1278 290 1538 366 φέροντα,
1557 290 1922 365 ἀποκληίεται

318 375 355 450 ἦ
373 374 619 450 Σκυθικῆ
638 374 757 434 ivr&-
766 375 995 452 πρώτων
1009 374 1394 457 Ἀγαθύρσων·
1420 379 1561 453 μετά
1580 379 1654 448 δὲ,
1673 383 1914 456 Νευρῶν·

320 465 511 523 ἔπειτα
536 463 611 535 δὲ,
638 462 1054 545 Ἀνδροφάγων·
1091 466 1423 525 τελευταίων
1449 466 1524 536 δὲ,
1554 469 1920 548 Μελαγχλαί-

320 579 445 612 νων.
489 551 661 611 Ἔστι
684 550 758 612 ὦν
776 555 876 626 τῆς
904 553 1193 628 Σκυθικῆς,
1213 552 1282 616 ώς
1303 552 1505 630 ἐούσης
1522 555 1882 635 τετραγώνου,
1903 557 2012 615 101

320 645 431 700 τῶν
472 640 571 699 δύο
616 641 825 717 μερέων
871 639 1221 716 κατηκόντων
1275 647 1330 705 ἐς
1377 641 1696 712 θάλασσαν,
1744 642 1924 718 πάντη

322 728 452 788 ἴσον
477 727 545 788 τό
571 754 632 787 τε
660 733 714 790 ἐς
738 727 843 804 τὴν
872 728 1187 808 μεσόγαιαν
1213 731 1404 806 φέρον,
1434 730 1527 788 καὶ
1549 729 1618 790 τὸ
1643 729 1796 805 παρὰ
1821 729 1925 806 τῆν

324 815 647 876 θάλασσαν·
690 814 803 875 ἅπὸ
847 816 957 896 γοῖρ
990 815 1222 894 Ἴστρου
1260 818 1352 876 ε’πὶ
1393 818 1748 895 Βορυσθένεα
1793 817 1923 876 δέκα

322 903 569 981 ἡμερέων
586 903 730 966 ὁδός·
759 903 872 963 α’πό
894 905 1274 980 Βορυσθένεός
1297 905 1346 965 τ’
1363 907 1454 966 ε’πὶ
1472 905 1578 982 τήν
1597 907 1802 982 λίμνην
1819 905 1923 980 τῆν

324 997 587 1066 Μαιῆτιν,
610 993 805 1068 ἑτέρων
833 993 982 1051 δέκα·
1012 993 1103 1052 καὶ
1121 993 1190 1054 ro*
1216 992 1328 1054 ‹in-6
1358 994 1659 1071 θαλάσσης
1678 999 1733 1058 ἐς
1751 993 1920 1070 μεσό-

323 1105 491 1159 γαιαν
529 1084 584 1143 ἐς
619 1079 749 1142 τοῦς
780 1081 1253 1161 Μελαγχλαίνους
1285 1081 1414 1145 τοῦς
1441 1083 1749 1159 κατύπερθε
1777 1083 1914 1147 Σκυ-

326 1168 464 1228 θέων
497 1168 837 1244 οἰκημένους,
868 1168 1047 1227 εἴκοσι
1082 1167 1330 1246 ἡμερέων
1361 1168 1502 1233 ὁδός.
1586 1169 1622 1246 ἦ
1650 1169 1708 1228 δὲ
1734 1169 1861 1233 ὁδός
1885 1169 1925 1245 ἦ

325 1254 606 1333 ἤμερησίη
648 1254 754 1314 ἄνα
802 1254 1061 1332 διηκόσια
1102 1256 1308 1316 στάδια
1352 1258 1766 1334 συμβέβληταί
1805 1283 1921 1334 μοι.

326 1342 467 1402 οὕτω
520 1339 588 1402 ἂν
640 1343 724 1419 εἴη
776 1347 877 1418 τῆς
932 1344 1207 1416 Σκυθικῆς
1256 1343 1329 1403 τὰ
1380 1344 1678 1420 ἐπικάρσια
1734 1369 1920 1420 τετρα-

325 1425 621 1504 κισχιλίων
642 1425 903 1484 σταδίων·
932 1424 1024 1483 καὶ
1042 1424 1115 1483 τοὶ
1138 1421 1296 1500 ὄρθια
1310 1423 1382 1483 τὰ
1409 1429 1465 1486 ἐς
1487 1424 1591 1500 τὴν
1609 1422 1921 1504 μεσόγαιαν

326 1514 591 1589 φέροντα,
624 1513 820 1589 ἑτέρων
850 1510 1137 1571 τοσούτων
1170 1511 1432 1571 σταδίων.
1513 1509 1550 1586 ἦ
1583 1511 1686 1587 μέν
1717 1535 1814 1570 νυν
1847 1515 1924 1592 γῆ

327 1599 466 1675 αὕτη
496 1599 619 1659 ε’στὶ
644 1599 889 1680 μέγαθος
912 1598 1182 1674 τοσαύτη.
1663 1591 1674 1612 ’

410 1691 485 1746 Οἱ
518 1689 577 1747 δὲ
611 1688 821 1754 Σκύθαι
849 1685 1039 1751 δόντες
1064 1686 1242 1763 σφίσι
1267 1685 1442 1769 λόγον
1469 1685 1539 1750 ὦς
1566 1685 1664 1746 οὐκ
1691 1686 1804 1745 οἶοί
1822 1687 1889 1745 τέ
1905 1687 2017 1744 102

329 1778 443 1834 εἶσι
462 1775 563 1837 τόν
579 1776 817 1852 Δαρείου
837 1772 1084 1851 στρατὸν
1099 1775 1366 1854 ἰθυμαχίῃ
1383 1776 1697 1836 διώσασθαι
1711 1779 1924 1852 μοῦνοι,

328 1863 579 1938 ἔπεμπον
600 1868 653 1925 ἐς
677 1856 807 1926 τοῦς
836 1862 1263 1941 πλησιοχώρους
1289 1863 1580 1944 ἀγγέλους·
1615 1868 1726 1923 τῶν
1751 1864 1810 1922 δὲ
1836 1863 1927 1921 καὶ

328 1942 398 2019 δὴ
421 1946 475 2001 οἱ
493 1944 779 2018 βασιλῆες
795 1942 1163 2006 συνελθόντες
1183 1942 1568 2019 ἐβουλεύοντο,
1591 1943 1661 2006 ὥς
1679 1948 1924 2019 στρατοῦ

320 2030 731 2093 ’ἐπελαύνοντος
753 2030 1024 2111 μεγάλου·
1052 2030 1202 2106 ἦσαν
1223 2030 1282 2087 δὲ
1303 2032 1356 2087 οἱ
1376 2028 1738 2090 συνελθόντες
1754 2030 1926 2104 βασι-

327 2122 480 2195 λῆες,
534 2119 777 2196 Ταύρων,
819 2120 913 2179 καὶ
964 2114 1344 2199 Ἀγαθύρσων,
1395 2116 1518 2185 καὶ]
1539 2119 1783 2192 Νευρῶν,
1833 2117 1926 2173 καὶ

326 2205 741 2287 Ἀνδροφάγων,
780 2207 871 2265 καὶ
900 2204 1368 2285 Μελαγχλαίνων,
1399 2205 1490 2261 καὶ
1525 2205 1802 2275 Γελωνῶν,
1836 2204 1928 2261 καὶ

329 2295 626 2366 Βουδίνων,
660 2296 751 2354 καὶ
793 2294 1212 2370 Σαυροματέων.
1280 2291 1501 2353 Τούτων
1538 2295 1744 2367 Ταῦροι
1783 2292 1886 2367 μὲν
1907 2293 2022 2350 103

328 2382 558 2457 νόμοισι
581 2382 848 2442 τοιοισίδε
872 2382 1162 2460 χρέωνται·
1205 2380 1403 2440 θύουσι
1428 2383 1530 2457 μὲν
1553 2384 1626 2459 τῇ
1652 2380 1922 2459 Παρθένῳ

327 2470 457 2533 τούς
499 2495 562 2528 τε
610 2470 880 2551 ναυηγοῦς
928 2470 1033 2551 καὶ,
1054 2467 1196 2533 4τούς
1242 2466 1310 2529 ἂν
1361 2469 1591 2545 λάβωσι
1641 2468 1931 2545 Ἑλλήνων

330 2558 759 2636 ἐπαναχθέντας,
786 2555 975 2635 τρόπῳ
999 2556 1211 2634 τοιῷδε·
1254 2557 1668 2633 καταρξάμενοι,
1697 2556 1930 2634 ῥοπάλῳ

329 2645 565 2704 παίουσι
606 2644 711 2721 τῆν
758 2644 1033 2721 κεφαλήν·
1094 2647 1148 2703 οἱ
1193 2646 1296 2721 μὲν
1341 2644 1409 2718 δὴ
1458 2645 1708 2725 λέγουσι,
1754 2643 1824 2705 ὥς
1863 2643 1931 2702 τὸ

330 2737 500 2807 σῶμα
520 2732 632 2792 ‹in-6
658 2736 760 2792 τοῦ
787 2734 1031 2809 κρημνοῦ
1054 2730 1294 2791 ὠθέουσι
1319 2730 1480 2801 κάτω,
1498 2729 1613 2809 (ἐπὶ
1630 2728 1739 2809 γὰρ
1761 2752 1933 2804 κρημ-

330 2822 429 2879 νοῦ
458 2820 671 2896 ἵδρυται
694 2821 761 2881 τό
791 2817 1085 2898 ἷρόν·)-τῆν
1112 2818 1172 2876 δὲ
1188 2815 1458 2893 ’κεφαλὴν
1495 2815 1931 2893 ἀνασταυροῦσι·

332 2910 387 2967 οἱ
422 2907 484 2966 δὲ
515 2908 659 2969 ,cavat
689 2909 793 2985 μὲν
817 2907 921 2984 τήν
949 2903 1207 2981 κεφαλὴν
1231 2903 1624 2983 ὁμολογέουσι,
1652 2902 1718 2962 τὸ
1743 2903 1935 2979 μέντοι

330 2998 500 3071 σῶμα
526 2994 627 3055 οὐκ
655 2995 927 3056 ὠθέεσθαι
952 2992 1065 3053 α’,πό
1093 2994 1192 3051 τοῦ
1220 2992 1464 3067 κρημνοῦ
1499 2990 1751 3071 λέγουσι,
1779 2988 1936 3048 α’λλᾶ

330 3087 408 3163 γῇ
437 3084 797 3161 κρύπτεσθαι.
879 3081 983 3157 τῆν
1010 3080 1071 3138 δὲ’
1096 3079 1333 3154 δαίμονα
1358 3076 1581 3153 ταύτην,
1607 3080 1680 3155 τῇ
1716 3076 1932 3147 θύουσι,

332 3173 572 3253 λέγουσι
598 3171 756 3231 αὐτοὶ
781 3173 987 3245 Ταῦροι
1016 3166 1352 3247 Ἰφιγένειαν
1381 3165 1486 3240 τήν
1519 3164 1938 3246 Ἀγαμέμνονος

335 3259 495 3319 εἶναι.
577 3257 883 3334 πολεμίους
922 3256 981 3315 δὲ
1020 3254 1238 3331 ἄνδρας,
1265 3252 1394 3317 τοῦς
1432 3251 1502 3313 ἂν
1539 3253 1934 3332 χειρώσωνται,
