2250 3500
309 135 592 200 125—127]
1002 135 1227 187 nmo.
1839 137 1905 185 ss

303 214 468 287 Δάοι,
495 213 738 292 Μάρδοι,
765 215 1058 293 Δροπικοὶ,
1086 214 1434 298 Σαγάρτιοι.)
1510 215 1611 280 Ὡς
1638 215 1700 276 δὲ
1722 241 1863 293 παρ-
1882 217 1997 277 126

300 308 457 378 ἦσαν
493 301 734 366 ἅπαντες
772 305 990 382 ἔχοντες
1029 329 1096 362 το
1136 302 1551 380 προειρημένον,
1594 303 1903 364 ἐνθαῦτα“
1869 331 1902 364 ο

303 396 510 468 Κῦρος,
544 391 616 467 ἦν
645 390 757 472 γάρ
789 417 875 455 τις
911 396 1094 470 χῶρος
1121 395 1222 466 τῆς
1258 396 1547 468 Περσικῆς
1584 390 1904 468 ἀκανθώδης

301 477 444 538 ὅσον
476 505 540 538 τε
577 480 671 538 ε’πὶ
705 478 1073 538 ὀκτωκαίδεκα
1107 476 1438 541 σταδίους
1403 504 1441 554 η
1483 480 1661 539 εἴκοσι
1697 479 1899 557 πάντη,

299 567 499 626 τοῦτόν
524 573 638 643 σφι
659 566 760 627 τόν
780 592 966 644 χωρον
989 569 1225 643 προεῖπε
1250 565 1648 643 ἑξημερῶσαι’
1622 592 1681 628 εν
1700 567 1903 648 ἦμέρῃ·

302 653 744 715 ἐπιτελεσάντων
795 654 855 714 δὲ
903 658 1014 715 τῶν
1063 654 1335 731 Περσέων
1388 653 1489 713 τόν
1543 656 1905 732 προκείμενον

301 739 524 814 ἄεθλον,
551 741 780 820 δεύτερά
811 748 924 819 σφι
951 745 1189 820 προεῖπε
1220 746 1276 805 ἐς
1305 740 1411 818 τὴν
1440 741 1741 819 ὑστεραίην
1764 767 1905 820 παρ-

302 832 442 888 εῖναι
466 831 856 906 λελουμένους·
885 835 942 890 ἐν
967 829 1027 888 δὲ
1045 828 1223 908 τούτῳ
1245 827 1318 889 τά
1340 854 1404 889 τε
1427 828 1663 890 αἰπόλια
1687 830 1780 890 καὶ
1804 830 1907 894 τὰς

299 917 540 994 ποίμνας
565 919 658 977 καὶ
681 917 754 978 τὰ
783 917 1065 995 βουκόλια
1089 916 1122 976 ὁ
1148 917 1336 994 Κῦρος
1360 916 1543 977 πάντα
1571 921 1673 978 τοῦ
1695 916 1909 996 πατρᾶς

301 1007 619 1069 συναλίσας
647 1011 704 1068 ἐς
731 1005 926 1077 τώυτό,
960 1006 1082 1066 ἔθυε
1114 1005 1208 1065 καὶ
1239 1004 1620 1083 παρεσκεύαζε
1652 1004 1723 1070 ὥς
1757 1003 1907 1077 δεξό-

299 1116 466 1167 μενος
500 1097 612 1152 τῶν
649 1092 920 1170 Περσέων
957 1091 1056 1152 τόν
1093 1091 1358 1169 στρατόν,
1390 1091 1532 1170 πρὸς
1570 1093 1646 1164 δὲ,
1681 1094 1809 1173 οἴνῳ
1842 1119 1907 1154 τε

302 1180 396 1238 καὶ
428 1181 663 1240 σιτίοισι
696 1179 769 1243 ὥς
799 1178 1304 1256 ε’πιτηδεωτάτοισι.
1339 1179 1705 1258 ἀπικομένους
1742 1181 1803 1241 δὲ
1832 1185 1907 1261 τῇ

300 1264 568 1347 ὖστεραίῃ
585 1267 714 1332 τούς
739 1269 972 1346 Πέρσας
991 1267 1326 1330 κατακλίνας
1345 1272 1401 1330 ἐς
1418 1273 1665 1345 λειμῶνα
1682 1267 1903 1347 εὐώχεε.

302 1356 429 1413 ἐπεί
453 1380 517 1414 τε
547 1355 608 1415 δὲ
636 1354 748 1416 6.πό
781 1356 1004 1416 δείπνου
1032 1354 1199 1431 ἦσαν,
1228 1355 1405 1432 εἴρετό
1438 1362 1623 1431 σφεας
1654 1356 1687 1416 ὅ
1716 1361 1905 1434 Κῦρος

303 1441 508 1519 κότερα
543 1441 616 1502 τὰ
650 1447 722 1523 τῇ
759 1444 1062 1522 προτεραίῃ
1105 1441 1259 1520 εἶχον
1295 1440 1335 1518 ἢ
1372 1441 1446 1502 τοὶ
1480 1442 1761 1519 παρεόντα
1794 1449 1910 1519 σφι

303 1531 390 1606 εἴη
430 1531 797 1610 αἱρετώτερα,
840 1535 895 1592 οἱ
931 1532 992 1592 δὲ
1029 1532 1252 1607 ἔφασαν
1286 1528 1513 1590 πολλὰν
1549 1530 1688 1590 εἶναι
1728 1529 1911 1592 αὐτῶν

300 1619 368 1678 τό
401 1619 600 1696 μέσον·
639 1620 746 1696 τήν
769 1622 873 1697 μὲν
896 1618 1008 1701 γὰρ
1043 1618 1321 1696 προτέρην
1346 1616 1561 1696 ἡμέρην
1584 1615 1767 1680 πάντα
1794 1625 1907 1696 σφι

303 1707 446 1768 κακοὶ
480 1709 642 1789 ἔχειν,
682 1707 788 1784 τήν
829 1708 890 1769 δὲ
933 1705 1064 1769 τότε
1109 1709 1435 1785 παρεοῦσαν
1472 1705 1657 1769 πάντα
1696 1706 1903 1790 α’γαθά·

302 1796 655 1874 παραλαβών
690 1796 751 1855 δὲ
788 1800 956 1857 τοῦτο
994 1795 1062 1856 τὰ
1103 1795 1236 1859 ἔπος
1266 1795 1302 1856 ὁ
1339 1799 1528 1874 Κῦρος
1552 1796 1909 1879 παρεγύμνου

301 1882 401 1944 τόν
423 1884 607 1945 πάντα
633 1883 826 1965 λόγον,
853 1885 1053 1965 λέγων·
1095 1894 1133 1919 “
1149 1881 1343 1962 ἄνδρες
1361 1885 1605 1963 Πέρσαι,
1621 1883 1762 1945 οὕτω
1776 1884 1909 1961 ὑμῖν

304 1972 438 2051 ἔχει·
477 1972 889 2049 βουλομένοισι
913 1975 1018 2049 μὲν
1043 1972 1175 2050 ε’μέο
1200 1972 1499 2033 πείθεσθαι
1534 1973 1655 2031 ἔστι
1679 1971 1813 2032 τάδε
1844 1998 1911 2033 τε·

304 2060 398 2118 καὶ
435 2058 592 2120 ἄλλα
628 2060 802 2139 μυρία
841 2058 1046 2141 οἷγαθοῖ,
1080 2058 1277 2119 οὐδένα
1316 2057 1492 2119 πόνον
1522 2058 1911 2135 δουλοπρεπέα

305 2148 518 2226 ἔχουσι·
544 2148 625 2226 μὴ
644 2148 1054 2225 βουλομένοισι
1081 2146 1142 2205 δὲ
1168 2145 1299 2223 ε’μέο
1324 2145 1621 2205 πείθεσθαι
1649 2145 1759 2204 εἶσὶ
1776 2144 1910 2221 ὗμῖν

303 2235 467 2296 πόνοι
503 2241 581 2315 τῷ
618 2236 794 2314 χθιζῷ
831 2233 1230 2313 παραπλήσιοι
1273 2232 1661 2310 ἀναρίθμητοι·
1700 2236 1800 2293 νῦν
1835 2231 1911 2293 ὧν

305 2323 439 2400 ε’μέο
477 2324 803 2401 πειθόμενοι
841 2324 1071 2404 γίνεσθε
1122 2320 1425 2399 ἐλεύθεροι·
1478 2319 1644 2386 αὐτός
1686 2346 1750 2381 τε
1797 2320 1910 2403 γὰρ

306 2411 477 2470 δοκέω
503 2411 624 2490 θείῃ
647 2409 792 2491 τύχῃ
815 2409 1059 2493 γεγονώς
1081 2409 1215 2470 τάδε
1241 2414 1296 2472 ἐς
1319 2412 1511 2488 χεῖρας
1536 2406 1791 2490 ἄγεσθαι,
1820 2411 1914 2471 καὶ

305 2498 479 2574 ὖμέας
515 2498 732 2580 ἥγημαι
771 2497 974 2576 ἄνδρας
997 2496 1209 2574 Μήδων
1234 2498 1375 2558 εἶναι
1410 2497 1476 2557 οὗ
1512 2500 1911 2577 φαυλοτέρους,

307 2584 435 2645 οὕτε
464 2586 538 2647 τοὶ
569 2586 726 2646 ἄλλα
753 2584 880 2645 οὔτε
905 2585 981 2659 τὰ
1015 2586 1283 2663 πολέμια·
1329 2585 1399 2649 ὥς
1426 2584 1499 2647 ὧν
1525 2586 1764 2665 ἐχόντων
1790 2585 1910 2658 ὦδε,

306 2671 633 2736 ἀπίστασθε
658 2674 752 2733 ἀπ’
777 2673 1121 2755 Ἀστυάγεος
1146 2673 1251 2749 τὴν
1276 2674 1605 2752 ταχίστην.”

388 2763 616 2841 Πέρσαι
638 2762 746 2841 μέν
768 2787 865 2821 νυν
888 2760 1219 2839 προστάτεω
1245 2761 1669 2838 ἐπιλαβόμενοι,
1696 2759 1873 2837 ἅσμε-
1892 2762 2004 2821 127
2062 2774 2089 2799 ⁰

305 2874 395 2909 νοι
434 2851 844 2929 ελευθεροῦντο,
879 2850 972 2908 καὶ
1007 2848 1191 2908 πάλαι
1230 2847 1408 2908 δεινον
1446 2848 1766 2925 ποιεύμενοι
1801 2873 1915 2907 υπο

306 2936 521 3014 Μήδων
551 2936 848 3017 αρχεσθαι·
886 2935 1207 3018 Ἀστυάγης
1247 2936 1307 2995 δὲ
1350 2934 1423 2997 ὥς
1462 2935 1695 2996 ε’πῦθετο
1722 2938 1917 3012 Κῦρον

305 3023 647 3102 πρήσσοντα
675 3028 868 3095 ταῦτα,
893 3023 1121 3102 πέμψας
1148 3022 1395 3105 ἄγγελον
1422 3021 1617 3081 ἐκάλεε
1653 3020 1839 3082 αυτόν·
1879 3050 1913 3083 ο

309 3112 371 3171 δὲ
396 3117 585 3192 Κῦρος
611 3113 831 3173 ε’κέλευε
856 3111 954 3182 τόν
979 3110 1227 3191 αγγελον
1252 3108 1701 3189 ἀπαγγέλλειν,
1668 3134 1756 3169 οτι
1778 3108 1917 3186 πρό-

306 3224 474 3279 τερον
493 3199 623 3278 ἥξοι
646 3196 778 3275 παρ’
807 3202 1012 3258 ἐκεῖνον
1035 3196 1071 3273 ἢ
1099 3196 1268 3259 αὐτὸς
1288 3193 1608 3275 Ἀστυάγης
1620 3194 1913 3272 βούλεται·

307 3286 560 3351 α’κούσας
599 3286 661 3346 δὲ
697 3288 874 3345 ταῦτα
912 3284 945 3344 ὁ
982 3282 1303 3364 Ἀστυάγης
1340 3280 1575 3356 Μήδους
1596 3308 1660 3343 τε
1696 3282 1916 3344 ὥπλισε
