2250 3500
312 132 533 197 74-78]
1008 135 1278 185 eAAmA.
1826 128 1924 178 239

310 208 514 271 λεύειν·
570 210 841 291 Πέρσῃσι
890 210 954 273 δὲ
1002 211 1200 272 πολλοὶ
1253 212 1692 290 ἐπαρησάμενος,
1735 216 1786 272 εἰ
1834 211 1920 289 μὴ

312 297 729 375 ἀνακτησαίατο
771 298 957 359 ὀπίσω
1000 298 1105 374 τήν
1151 298 1334 377 α’ρχήν
1379 300 1474 358 καὶ
1512 324 1644 363 τους
1683 298 1922 380 Μάγους

309 385 589 455 τισαίατο,
615 385 799 462 οἷπῆκε
831 386 1032 447 ἑωυτὸν
1066 386 1161 445 ἐπὶ
1197 384 1455 462 κεφαλὴν
1482 386 1759 463 φέρεσθαι
1795 386 1912 447 άπο

308 498 441 532 του.·
459 471 711 582 πύργου
725 473 895 533 κάτω.
974 472 1332 550 Πρηξάσπης
1370 471 1476 548 μέν
1520 496 1632 543 νυν,
1675 471 1779 534 ἐων
1815 498 1916 535 τον

309 559 497 620 πάντα
520 560 727 639 χρόνον
751 560 892 638 άνὴρ
920 560 1162 638 δόκιμος,
1193 560 1336 620 οὕτω
1364 558 1718 635 ἐτελεύτησε.

394 651 471 708 Οἱ.
510 648 571 709 δὲ
608 648 678 725 δή
718 649 858 710 ἔπτὰ
896 652 1009 710 τῶν
1046 648 1332 726 Περσέων,
1375 646 1448 711 ὥς
1492 646 1912 723 ἐβουλεύσαντο
1933 650 2010 711 76

310 734 511 795 αὐτίκα
549 735 875 815 ἐπιχειρέειν
899 741 1053 797 τοῖσι
1092 736 1356 818 Μάγοισι
1388 736 1482 796 καὶ
1518 734 1600 812 μή
1627 734 1916 812 ὑπερβάλ-

308 824 534 893 λεσθαι,
596 823 771 899 ἤϊσαν
824 824 1113 901 εὐξάμενοι
1161 827 1318 884 τοῖσι
1368 824 1570 892 θεοῖσι,
1623 826 1734 884 τῶν
1786 823 1916 901 περὶ

315 910 673 987 Πρηξάσπεα
707 910 1069 989 πρηχθέντων
1095 912 1299 975 εἰδότες
1325 910 1503 971 οὐδέν.
1573 910 1630 971 ἐν
1653 935 1718 971 τε
1747 910 1818 987 δή
1843 914 1916 992 τῇ

308 996 420 1075 ὁδῷ
460 998 615 1078 μέσῃ
662 1000 983 1078 στείχοντες
1024 1001 1288 1081 ἐγίνοντο,
1338 999 1433 1058 καὶ
1476 996 1550 1058 τοῖ
1589 998 1718 1075 περὶ
1759 1004 1915 1077 Πρη-

308 1084 533 1159 ξάσπεα
569 1086 844 1168 γεγονότα
885 1086 1276 1149 ἐπυνθάνοντο·
1345 1087 1586 1148 ἐνθαῦτα
1622 1085 1918 1151 ἐκστάντες

307 1176 410 1249 τῆς
446 1172 579 1233 ὁδοῦ
617 1174 879 1235 ἐδίδοσαν
908 1173 1061 1238 αὖτίς
1098 1181 1278 1250 σφισι
1303 1173 1526 1253 λόγους,
1554 1176 1738 1249 οἶ“μὲν
1761 1172 1916 1251 α’μφὶ

307 1259 412 1321 τὸν
436 1260 681 1338 Ὀτάνην
708 1262 901 1344 πάγχυ
937 1261 1256 1325 κελεύοντες
1293 1260 1738 1338 ὑπερβαλέσθαι,
1771 1262 1916 1337 μηδὲ

308 1347 593 1410 οἰδεόντων
631 1352 742 1410 τῶν
779 1350 1121 1430 πρηγμάτων
1163 1348 1526 1417 ἐπιτίθεσθαι,
1567 1351 1622 1405 οἶ
1661 1348 1722 1407 δὲ
1761 1347 1914 1425 άμφὶ

305 1433 408 1495 τὸν
463 1441 703 1514 Δαρεῖον
756 1436 953 1497 αὐτίκα
1015 1461 1080 1496 τε
1140 1436 1277 1496 ἰέναι
1332 1436 1424 1495 καὶ
1484 1432 1558 1495 τοὶ
1609 1433 1914 1515 δεδογμένα

304 1522 531 1595 ποιέειν,
558 1525 699 1600 μηδὲ
734 1524 1224 1602 ὖπερβάλλεσθαι·
1267 1521 1614 1599 ὠθιζομένων
1637 1520 1686 1580 δ’
1713 1521 1912 1595 αὐτῶν,

306 1611 487 1688 ἐφάνη
544 1612 746 1689 ἰρήκων
796 1612 938 1673 ἐπτοὶ
993 1612 1190 1693 ζεύγεα
1241 1611 1342 1671 δύο
1393 1613 1664 1692 αἰγυπιῶν
1717 1610 1914 1693 ζεύγεα

306 1697 573 1761 διώκοντά
612 1726 677 1762 τε
719 1700 812 1760 καὶ
852 1702 1125 1762 τίλλοντα
1169 1699 1262 1760 καὶ
1304 1698 1658 1779 α’μύσσοντα·
1707 1698 1914 1765 «ἰδόντες

305 1786 367 1846 δὲ
416 1793 591 1848 ταῦτα
635 1792 689 1849 οἱ
737 1791 893 1860 ἐπτοὶ,
936 1789 1041 1866 τήν
1089 1815 1154 1848 τε
1202 1790 1442 1866 Δαρείου
1487 1787 1691 1852 πάντες
1730 1790 1913 1850 αἴνεον

302 1875 532 1954 γνώμην
558 1878 651 1935 καὶ
678 1878 869 1937 ἔπειτα
894 1876 1065 1954 ἤϊσαν
1092 1878 1186 1936 ἐπὶ
1208 1877 1281 1938 τά
1307 1876 1610 1953 βασιλήῖα,
1635 1877 1911 1954 τεθαρση-

304 1961 462 2026 κότές
513 1969 667 2024 τοῖσι
706 1964 911 2043 ὄρνισι.
991 1965 1303 2026 Ἐπιστᾶσι
1356 1966 1418 2024 δὲ
1457 1965 1550 2023 ἐπὶ
1588 1964 1690 2028 τοῖς
1727 1965 1910 2029 πύλας
1926 1966 2004 2028 77

303 2051 516 2131 ἐγίνετο
559 2052 678 2114 οἷόν
715 2078 773 2113 τι
817 2053 1035 2131 Δαρείῳ
1075 2051 1115 2127 ἦ
1156 2051 1351 2132 γνώμη
1394 2053 1578 2128 ἔφερε·
1628 2051 1906 2112 καταιδεό-

300 2163 460 2213 μενοι
480 2138 596 2220 γσῖρ
623 2143 677 2200 οἱ
704 2141 951 2216 φύλακοι
978 2139 1179 2216 ἄνδρας
1203 2139 1334 2202 τοῦς
1349 2136 1618 2215 Περσέων
1637 2137 1902 2214 πρώτους,

303 2227 397 2285 καὶ
425 2227 581 2287 οὐδὲν
616 2232 869 2288 τοιοῦτον
904 2227 1310 2289 ὖποπτεύοντες
1347 2226 1410 2296 ἐξ
1442 2223 1620 2285 αὐτῶν
1657 2226 1906 2296 ἔσεσθαι,

298 2314 579 2390 παρίεσαν
626 2317 747 2395 θείῃ
798 2319 1000 2394 πομπῇ
1044 2313 1409 2394 χρεωμένους·
1479 2312 1590 2373 οὐδ’
1639 2313 1908 2391 ἐπειρώτα

299 2400 497 2466 οὐδείς·
539 2405 663 2463 ἐπεί
681 2428 744 2463 τε
770 2404 830 2463 δὲ
855 2404 1154 2481 παρῆλθον
1179 2408 1234 2466 ἐς
1257 2401 1361 2478 τήν
1385 2401 1582 2479 αὕλήν,
1605 2401 1907 2481 ἐνέκυρσαν

295 2492 454 2549 τοῖσι
477 2489 577 2554 τσῖς
608 2491 877 2572 άγγελίας
911 2490 1226 2567 ἐσφέρουσι
1263 2490 1598 2571 εὐνούχοισι,
1627 2491 1688 2552 οἵ
1719 2497 1905 2567 σφεας

296 2576 557 2653 ἱστόρεον
582 2577 615 2638 ὅ
645 2605 705 2638 τι
736 2579 994 2642 θέλοντες
1023 2577 1231 2653 ἥκοιεν·
1273 2580 1366 2637 καὶ
1401 2578 1522 2656 ἅμα
1561 2579 1906 2656 ἱστορέοντες

294 2663 526 2729 τούτους
556 2668 713 2726 τοῖσι
751 2671 1090 2744 πυλουροῖσι
1120 2666 1402 2736 οἷπείλεον,
1429 2666 1517 2726 ὅτι
1543 2667 1732 2743 σφέας
1762 2692 1902 2742 παρ-

295 2756 457 2828 ἧκαν,
487 2778 654 2832 ισχον
678 2779 741 2814 τε
766 2754 1154 2832 βουλομένους
1177 2753 1308 2816 τούς
1337 2752 1476 2812 ἑπτά
1510 2758 1566 2844 ἐς
1602 2753 1669 2812 τὸ
1704 2751 1903 2828 πρόσω

292 2840 571 2918 παριέναι·
614 2845 671 2902 οἷ
696 2843 755 2902 δὲ
781 2842 1274 2919 διακελευσάμενοι
1314 2841 1408 2899 καὶ
1443 2839 1804 2916 σπασάμενοι
1827 2866 1902 2901 τα

294 2929 616 3008 ἐγχειρίδια,
656 2929 887 2993 τούτους
928 2933 1032 3007 μὲν
1061 2955 1192 2992 τους
1231 2929 1496 3007 ἴσχοντας
1529 2926 1699 2988 αυτοῦ
1726 2926 1902 3006 ταύτῃ

293 3016 713 3096 συγκεντέουσι,
734 3018 893 3078 αὐτοὶ
920 3015 1042 3077 δὲ’
1003 3025 1176 3093 η’ἰσαν
1195 3017 1434 3094 δρόμω’
1409 3041 1463 3078 ες
1485 3013 1586 3075 τόν
1605 3014 1898 3092 άνδρεῶνα.

294 3106 373 3162 Οἳ
404 3101 463 3162 δὲ
499 3104 695 3185 Μάγοι
728 3107 925 3184 ἔτυχον
959 3104 1272 3182 ἀμφότεροι
1301 3107 1602 3178 τηνικαῦτα
1634 3103 1814 3165 ἐόντες
1836 3127 1898 3162 τε
1918 3102 1998 3164 78

294 3191 425 3261 ἔσω,
474 3193 567 3251 καὶ
610 3192 685 3252 τὰ
728 3193 843 3252 οἷπό
883 3192 1262 3268 Πρηξάσπεος
1300 3190 1574 3271 γενόμενα
1611 3193 1672 3250 ἐν
1707 3191 1901 3268 βουλῇ

292 3277 536 3358 ἔχοντες·
599 3280 720 3339 ἐπεὶ
766 3279 840 3341 ὧν
887 3279 1033 3339 εἶδον
1075 3279 1208 3342 τούς
1254 3276 1548 3358 εὐνούχους
1591 3277 1900 3356 τεθορυβη-
