2250 3500
333 109 620 176 ιιι-117]
1029 111 1255 164 xmo.
1872 115 1937 166 ιο

331 190 441 266 μέν
479 215 575 250 νυν
613 188 788 250 ἄλλοι
823 190 1018 254 παῖδες
1054 190 1129 251 τιὶ
1168 189 1587 268 ἐπιτασσόμενα
1626 191 1935 264 ἐπετέλεον,

333 274 497 340 οὗτος
528 278 588 336 δὲ
624 275 965 352 ἀνηκούστεέ
995 303 1058 338 τε
1094 279 1189 338 καὶ
1222 278 1397 360 λόγον
1428 279 1545 358 εἶχε
1576 277 1788 350 οὐδένα,
1816 283 1873 344 ἐς
1900 277 1937 342 ὃ

331 365 514 441 ἔλαβε
554 365 660 441 τήν
699 366 874 442 δίκην·
916 370 966 426 εἶ
1003 364 1078 427 ὧν
1119 365 1189 442 δή
1230 367 1393 427 τοῦδε
1432 366 1612 428 εἵνεκα
1649 366 1803 438 ἅξιός
1840 393 1935 428 τευ

331 456 508 512 κακοῦ
539 454 668 530 εἰμὶ,
696 452 791 512 ὅδε
818 478 908 514 τοι
935 453 1217 532 πάρειμι.”
1281 458 1472 514 Ταῦτα
1502 455 1766 536 λέγοντος
1794 459 1895 516 τοῦ
1914 457 2028 519 116

329 539 548 610 παιδός,
583 540 682 602 τᾶν
713 539 1032 622 Ἀστυάγεα
1069 541 1229 622 ἐσῄει
1263 540 1573 622 ἀνάγνωσις
1610 541 1801 604 αὐτοῦ·
1843 547 1941 605 καί

331 630 388 688 οἶ
405 626 440 688 ὅ
458 653 523 688 τε
545 628 838 708 χαρακτὴρ
855 634 956 690 τοῦ
975 629 1283 708 προσώπου
1302 631 1735 706 προσφέρεσθαι
1754 631 1937 692 ἐδόκεε

333 719 392 778 ἐς
422 715 623 800 ἐωυτόν
654 718 747 777 καὶ
775 715 816 792 ἦ
847 715 1143 796 ὑπόκρισις
1178 717 1580 796 ἐλευθερωτέρη
1611 715 1771 778 εἶναι·
1810 717 1845 780 ὅ
1872 745 1937 780 τε

327 803 532 880 χρόνος
547 808 650 880 τῆς
676 806 928 868 ἐκθέσιος
949 811 1022 884 τῇ
1040 805 1233 886 ἡλικίῃ
1250 809 1349 866 τοῦ
1374 804 1573 868 παιδός
1592 803 1776 866 ἐδόκεε
1792 831 1936 884 συμ-

329 893 568 967 βαίνειν.
636 894 935 974 ἐκπλαγεὶς
965 894 1026 954 δὲ
1059 892 1329 968 τούτοισι,
1362 895 1454 957 ἐπὶ
1482 892 1689 974 χρόνον
1719 891 1935 978 ἄφθογ-

327 1005 432 1059 γος
473 980 563 1057 ἦν·
616 980 784 1062 μόγις
821 981 884 1042 δὲ
925 980 996 1058 δή
1034 1007 1166 1042 κοτε
1205 981 1537 1062 ἀνενειχθεὶς
1578 983 1714 1056 εἷπε,
1756 984 1937 1044 θέλων

331 1069 612 1147 ἐκπέμψαι
642 1069 742 1130 τὸν
765 1068 1213 1148 Ἀρτεμβάρεα
1188 1096 1277 1130 ινα
1299 1097 1399 1133 τον
1422 1071 1707 1147 βουκόλον
1728 1076 1936 1149 μοῦνον

327 1158 530 1234 λαβων
553 1158 871 1239 βασανίσῃ·
904 1170 940 1197 “
952 1157 1406 1237 Αρτέμβαρες,’
1380 1185 1489 1241 εγω
1510 1163 1689 1220 ταῦτα
1712 1159 1935 1237 ποιήσω

329 1243 479 1306 ὥστε
503 1250 573 1306 σὲ
599 1248 692 1306 καὶ
709 1272 808 1308 τον
826 1246 1002 1306 παῖδα
1023 1247 1122 1308 τᾶν
1149 1247 1255 1308 σὰν
1272 1246 1446 1325 μηδεν
1465 1247 1936 1325 ἐπιμέμφεσθαι.κ

326 1332 430 1392 τᾶν
454 1336 558 1409 μὲν
585 1333 652 1410 δὴ
676 1333 1070 1412 Ἀρτεμβάρεα
1093 1335 1321 1411 πέμπει·
1361 1333 1461 1395 τόν
1486 1334 1545 1394 δὲ
1579 1333 1831 1413 Κῦρον’
1792 1361 1935 1416 ηγον

329 1419 445 1479 ἔσω
465 1424 519 1479 οἱ
539 1421 884 1498 θεράποντες,
908 1420 1275 1485 κελεύσαντος
1294 1425 1395 1482 τοῦ
1412 1421 1771 1503 Ἀστυάγεος.
1812 1423 1935 1483 ἐπεὶ

305 1499 392 1567 ’δὲ
429 1507 800 1570 ὑπελέλειπτο
837 1510 871 1572 ὅ
905 1511 1189 1588 βουκόλος
1223 1513 1445 1587 μοῦνος,
1476 1510 1828 1587 μουνωθέντα
1862 1509 1932 1587 δὴ

325 1595 498 1657 αὖτὸν
517 1599 694 1676 εἴρετο
719 1597 752 1658 ὁ
774 1596 1110 1682 Ἀστυάγης,
1134 1597 1296 1659 κόθεν
1320 1597 1500 1674 λάβοι
1524 1597 1625 1658 τόν
1640 1597 1815 1658 παῖδα
1839 1599 1935 1658 καὶ

323 1686 409 1750 τίς
433 1687 518 1764 εἴη
545 1686 579 1747 ὁ
603 1686 920 1766 παραδοῦς;
961 1685 994 1760 ὁ
1019 1687 1081 1748 δὲ
1107 1687 1170 1759 ἐξ
1195 1690 1395 1748 ἑωυτοῦ
1419 1711 1482 1747 τε
1508 1686 1619 1765 ἔφη
1643 1688 1932 1769 γεγονέναι

325 1776 419 1834 καὶ
441 1776 545 1851 τήν
568 1780 844 1837 τεκοῦσαν
868 1774 1040 1837 αὐτὸν
1065 1778 1145 1837 ἔτι
1171 1776 1311 1837 εἶναι
1333 1773 1465 1855 παρ’
1491 1779 1687 1856 ἑωυτῷ·
1727 1776 1929 1837 Ἀστυ-

324 1862 464 1943 άγης
488 1863 552 1923 δέ
578 1888 676 1941 μιν
701 1862 802 1923 οὔκ
835 1863 896 1924 εὖ
919 1864 1305 1940 βουλεύεσθαι
1336 1865 1448 1942 ἔφη
1474 1864 1843 1942 ἐπιθυμέοντα
1874 1869 1931 1929 ἐς

321 1949 568 2032 ἀνάγκας
589 1950 844 2033 μεγάλας
874 1951 1256 2013 ἀπικνέεσθαι·
1296 1952 1417 2030 ἅμα
1445 1977 1510 2013 τε
1534 1952 1715 2034 λέγων
1748 1955 1927 2013 ταῦτα

324 2039 592 2116 ἐσήμαινε
625 2043 780 2101 τοῖσι
813 2039 1181 2119 δορυφόροισι
1216 2039 1534 2118 λαμβάνειν
1568 2039 1754 2099 αὐτόν·
1795 2039 1828 2099 ὁ
1868 2040 1929 2099 δὲ

321 2125 594 2207 οἷγόμενος
625 2133 680 2191 ἐς
714 2127 816 2191 τὰς
851 2126 1110 2210 ἀνάγκας,
1138 2125 1281 2189 οὕτω
1315 2125 1385 2202 δὴ
1412 2128 1603 2203 ἔφαινε
1634 2125 1735 2185 τὸν
1766 2126 1927 2186 ἐόντα

317 2214 514 2296 λόγον,
545 2214 854 2295 ἐρχόμενος
893 2217 954 2277 δὲ
991 2215 1088 2276 ἀπ’
1115 2214 1296 2293 ἀρχῆς
1334 2212 1539 2293 διεξῄει
1574 2217 1648 2293 τῇ
1681 2212 1927 2293 άληθηΐῃ

318 2302 644 2381 χρεώμενος,
673 2305 767 2363 καὶ
792 2306 1088 2381 κατέβαινε
1115 2308 1171 2366 ἐς
1196 2299 1357 2367 λιτάς
1379 2327 1443 2362 τε
1469 2300 1563 2361 καὶ
1588 2299 1926 2383 συγγνώμην

320 2394 498 2471 ἑωυτῷ
523 2391 762 2452 κελεύων
789 2393 934 2473 ἔχειν
960 2391 1147 2453 αὐτόν.

397 2478 716 2563 Ἀστυάγης
750 2480 830 2553 δὲ,
864 2485 966 2542 τοῦ
1003 2483 1110 2559 μὲν
1144 2478 1433 2558 βουκόλου
1464 2477 1570 2557 τὴν
1604 2476 1883 2557 άληθηΐην
1903 2481 2011 2539 117

319 2568 678 2647 ε’κφῄναντος,
693 2568 870 2651 λόγον
885 2569 994 2647 ἤδη
1015 2570 1108 2629 καὶ
1128 2568 1359 2629 ἐλάσσω
1376 2568 1641 2630 ἐποιέετο·
1655 2567 1923 2649 Ἀρπάγῳ

315 2656 378 2715 δὲ
423 2658 518 2715 καὶ
568 2657 827 2739 μεγάλως
875 2656 1255 2735 μεμφόμενος,
1301 2658 1521 2717 καλέειν
1572 2654 1741 2717 αὖτόν
1792 2655 1922 2719 τοῦς

315 2743 664 2823 δορυφόρους
705 2747 942 2807 ἐκέλευε.
1024 2772 1097 2810 ως
1138 2746 1203 2805 δέ
1239 2748 1295 2805 οἱ
1328 2749 1517 2823 παρῆν
1552 2744 1585 2804 ὁ
1609 2742 1921 2825 Ἅρπαγος,

313 2834 494 2911 εἴρετό
517 2860 615 2912 μιν
639 2834 674 2895 ὁ
696 2834 1035 2917 Ἀστυάγης·
1067 2843 1103 2869 “
1110 2834 1387 2917 Ἅρπαγε,
1413 2834 1519 2913 τέω
1546 2831 1615 2907 δη
1639 2829 1795 2909 μόρω
1819 2854 1919 2891 τον

311 2924 492 2983 παῖδα
531 2924 888 3002 κατεχρήσαο
929 2922 1031 2985 τόν
1071 2949 1164 2984 τοι
1205 2923 1498 3002 παρέδωκα
1543 2926 1605 2980 ἐκ
1647 2916 1922 2999 θυγατρὸς

312 3010 587 3092 γεγονότα
609 3017 711 3088 τῆς
737 3016 874 3089 ἐμῆς
891 3010 940 3081 ;”
972 3010 1004 3072 ὁ
1067 3014 1091 3071 ὲ
1105 3009 1401 3122 Ἅρπαγος
1426 3008 1497 3071 ὥς
1523 3008 1633 3067 εἶδε
1656 3005 1756 3067 τᾶν
1780 3008 1919 3083 βου-

314 3098 486 3160 κόλον
511 3101 718 3159 ενδον’
692 3099 870 3170 εόντα,
903 3126 967 3159 ου
999 3099 1262 3176 τρέπεται
1294 3098 1387 3156 ἐπὶ
1416 3096 1623 3173 ψευδέα
1654 3092 1855 3166 680v,‘
1829 3119 1919 3155 ινα

311 3186 394 3263 μὴ
444 3186 815 3268 ἐλεγχόμενος
856 3187 1177 3263 αλίσκηται·
1224 3183 1381 3245 ἀλλὰ
1425 3183 1582 3262 λέγει
1622 3207 1644 3241 ἰ
1658 3179 1774 3240 άδε·
1843 3180 1919 3240 ςω

312 3275 584 3349 βασιλεῦ,
622 3274 746 3333 ἐπεί
771 3299 834 3334 τε
867 3273 1203 3351 παρέλαβον
1236 3295 1303 3330 το
1338 3267 1575 3337 παιδίον,
1614 3267 1919 3344 ἐβούλευον

383 3388 416 3401 d
