2250 3500
309 136 374 184 54
932 134 1298 184 ἨΡΟΔΟΤΟΤ
1838 131 1914 194 [IL

307 209 400 285 ἦν·
438 211 610 289 χωρὶς
645 211 751 287 μὲν
779 209 892 292 γὰρ
925 210 1132 290 φόρων,
1165 212 1481 292 (ἔπρησσον
1514 208 1629 290 γάρ
1668 208 1922 271 ἑκάστων

310 296 378 357 τό
405 296 700 357 ἑκάστοισι
726 297 1087 376 ε’πιβάλλον,)
1114 299 1283 378 χωρὶς
1309 299 1369 358 δὲ
1399 301 1500 358 τοῦ
1530 296 1713 374 φόρου
1738 296 1920 374 ἥρπα-

310 385 407 455 ζον
437 384 888 462 περιελαύνοντες
920 391 1088 446 τοῦτο
1122 386 1155 446 ὅ
1191 411 1248 446 τι
1282 386 1463 463 ἔχοιεν
1496 386 1743 446 ἕκαστοι.
1827 388 1921 446 καὶ

310 471 520 532 τούτων
558 475 663 549 μὲν
700 472 829 537 τοῦς
866 477 1114 538 πλεῦνας
1154 472 1451 549 Κυαξάρης
1489 475 1552 532 τε
1594 474 1687 530 καὶ
1726 473 1923 549 Μῆδοι

313 559 647 629 ξεινίσαντες
687 562 780 620 καὶ
820 561 1309 639 καταμεθύσαντες
1346 559 1783 637 κατεφόνευσαν·
1826 563 1922 621 καὶ

314 647 454 708 οὕτω
487 647 847 710 ἀνεσώσαντο
877 649 982 724 τήν
1015 648 1197 727 ἀρχὴν
1232 648 1426 723 Μῆδοι
1460 647 1555 707 καὶ
1590 647 1923 725 ἐπεκράτεον

293 739 420 796 ’τῶν
437 761 544 814 περ
571 737 664 796 καὶ
687 735 984 813 πρότερον.
1018 738 1111 796 καὶ
1136 735 1239 812 τήν
1262 761 1326 795 τε
1350 738 1529 796 Νῖνον
1554 734 1723 806 εἷλον,
1745 735 1843 814 (ὥς
1860 737 1922 796 δὲ

314 823 483 895 εἷλον,
512 829 570 884 ἐν
603 824 845 899 ἑτέροισι
870 822 1100 904 λόγοισι
1130 822 1409 904 δηλῶσω,)
1440 823 1533 882 καὶ
1555 822 1687 885 τοῦς
1708 822 1922 883 Ἀσσυ-

309 911 462 987 ρίους
492 909 844 989 ὗποχειρίους
871 910 1209 987 ἐποιήσαντο
1244 909 1399 985 πλὴν
1422 914 1525 986 τῆς
1549 911 1923 987 Βαβυλωνίης

310 999 528 1075 μοίρης·
569 997 712 1074 μετὰ
747 997 808 1057 δὲ
841 1002 1033 1070 ταῦτα,
1069 997 1366 1076 Κυαξάρης
1401 999 1522 1074 μὲν,
1558 997 1923 1074 βασιλεύσας

311 1083 730 1161 τεσσεράκοντα
755 1086 880 1144 ἔτεα
904 1084 1011 1146 σῦν
1033 1089 1189 1160 τοῖσι
1216 1085 1429 1150 Σκύθαι
1452 1084 1642 1162 ἦρξαν,
1663 1088 1919 1166 τελευτᾷ.

223 1172 336 1233 107
357 1171 674 1232 Ἐκδέκεται
698 1173 758 1232 δὲ
783 1172 1102 1255 Ἀστυάγης
1130 1172 1435 1251 Κυαξάρεω
1460 1176 1592 1235 παῖς
1617 1172 1723 1248 τὴν
1744 1174 1922 1249 βασι-

311 1260 496 1336 ληΐην·
530 1261 628 1320 καί
649 1263 703 1321 οἱ
729 1262 946 1342 ἐγένετο
973 1261 1223 1343 θυγάτηρ
1242 1266 1314 1340 τῇ
1340 1259 1551 1337 οὔνομα
1576 1261 1735 1322 ἔθετο
1760 1267 1921 1322 Μαν-

312 1347 500 1423 δάνην·
540 1347 645 1424 τὴν
691 1349 872 1409 ἐδόκεε
910 1348 1232 1430 Ἀστυάγης
1272 1354 1332 1408 ἐν
1367 1353 1448 1427 τῷ
1484 1347 1639 1428 ὕπνῳ
1678 1348 1921 1427 σι’ρῆσαι

309 1440 584 1496 τοσοῦτον
619 1436 767 1497 ὥστε
803 1441 1031 1513 πλῆσαι
1067 1439 1175 1512 μὲν
1206 1435 1311 1512 τὴν
1348 1439 1549 1496 ἑωυτοῦ
1581 1435 1769 1508 πόλιν,
1802 1441 1921 1497 ε’πι-

313 1523 660 1584 κατακλύσαι
693 1525 753 1584 δὲ
795 1525 888 1584 καὶ
925 1524 1031 1599 τὴν
1060 1523 1265 1600 Ἀσίην
1294 1528 1509 1584 πᾶσαν·
1547 1522 1922 1601 ὖπερθέμενος

310 1611 371 1670 δὲ
399 1616 510 1672 τῶν
541 1611 736 1692 μάγων
759 1615 914 1672 τοῖσι
945 1611 1361 1689 ὀνειροπόλοισι
1391 1611 1459 1672 τό
1490 1610 1757 1683 ἐνύπνιον,
1782 1617 1920 1688 ἐφο-

307 1697 466 1775 βήθη
491 1698 621 1777 παρ’
648 1697 827 1759 αὐτῶν
851 1697 994 1759 αὐτὰ
1019 1699 1231 1761 ἕκαστα
1261 1697 1476 1776 μαθών.
1542 1698 1687 1777 μετὰ
1712 1699 1787 1772 δὲ,
1812 1699 1922 1777 τήν

309 1784 614 1862 Μανδάνην
636 1785 858 1862 ταύτην,
881 1791 1086 1848 ἐοῦσαν
1107 1786 1216 1863 ἤδη
1242 1786 1439 1865 άνδρὸς
1464 1786 1686 1865 ὦραίην,
1708 1787 1921 1864 Μήδων

308 1875 416 1950 μὲν
446 1877 557 1934 τῶν
589 1876 788 1934 ἑωυτοῦ
820 1872 988 1943 άξίων
1019 1873 1199 1935 οὐδενὶ
1232 1874 1376 1934 διδοῖ
1400 1878 1637 1955 γυναῖκα
1664 1875 1920 1940 δεδοικῶς

309 1959 416 2036 τὴν
435 1959 583 2040 ὄψιν·
611 1960 645 2022 ὅ
671 1960 730 2021 δὲ
756 1964 958 2041 Πέρσῃ
979 1962 1123 2023 διδοῖ
1141 1967 1221 2041 τῷ
1246 1960 1459 2038 οὔνομα
1481 1961 1553 2037 ἦν
1573 1962 1916 2040 Καμβύσης,

306 2047 407 2110 τᾶν
433 2048 655 2127 εὕρισκε
681 2049 856 2125 οἰκίης
884 2053 989 2127 μὲν
1015 2049 1179 2110 ἐόντα
1205 2048 1422 2131 α’,γαθῆς
1453 2048 1666 2125 τρόπου
1694 2051 1754 2109 δὲ
1778 2050 1919 2125 ἠσυ-

305 2138 450 2216 χίου,
471 2142 672 2217 πολλῷ
693 2138 875 2216 ἔνερθε
900 2136 1049 2219 ἄγων
1069 2136 1240 2199 αύτόν
1262 2138 1444 2214 μέσου
1470 2136 1667 2215 ἀνδρὸς
1690 2137 1916 2213 Μήδου.

218 2226 328 2285 108
347 2226 749 2301 Συνοικεούσης
795 2226 854 2285 δὲ
898 2231 976 2305 τῷ
1024 2224 1323 2305 Καμβύσῃ
1366 2228 1470 2301 τῆς
1515 2224 1834 2301 Μανδάνης,
1882 2226 1918 2287 ὅ

303 2311 620 2393 Ἀστυάγης
654 2317 734 2390 τῷ
767 2312 968 2391 πρώτῳ
995 2314 1102 2373 ἔτεϊ
1140 2312 1251 2373 εἶδε
1287 2310 1473 2387 ἄλλην
1498 2310 1648 2391 ὄψιν.
1732 2312 1919 2374 ἐδόκεε

305 2399 370 2459 δέ
412 2403 466 2460 οἷ
493 2406 553 2459 ἐκ
595 2403 707 2459 τῶν
753 2400 970 2459 αἰδοίων
1021 2403 1123 2475 τῆς
1170 2399 1442 2480 θυγατρός
1491 2400 1697 2476 ταύτης
1742 2404 1917 2480 φῦναι

307 2486 581 2563 ἄμπελον,
597 2485 702 2561 τήν
724 2484 783 2546 δὲ
809 2485 1068 2563 ἄμπελον
1088 2490 1343 2567 ἐπισχεῖν
1360 2486 1465 2561 τὴν
1482 2486 1685 2565 Ἀσίην
1699 2493 1915 2549 πᾶσαν·

306 2573 435 2634 ι’δῶν
465 2574 524 2634 δὲ
556 2578 724 2635 τοῦτο
760 2575 853 2633 καὶ
887 2574 1261 2652 ὑπερθέμενος
1285 2578 1446 2635 τοῖσι
1478 2574 1914 2653 ὀνειροπόλοισι,

305 2663 704 2741 μετεπέμψατο
733 2667 793 2722 ἐκ
823 2666 934 2725 τῶν
960 2663 1230 2741 Περσέων
1254 2662 1359 2737 τὴν
1385 2663 1663 2743 θυγατέρα
1688 2664 1917 2725 ἐπίτεκα

307 2756 530 2825 έοῦσαν,
583 2751 925 2829 ἀπικομένην
975 2752 1037 2811 δὲ
1090 2751 1391 2827 ἐφύλασσε
1442 2750 1797 2828 βουλόμενος
1846 2752 1915 2812 τό

304 2840 646 2922 γεννώμενον
674 2841 737 2911 ἐξ
759 2839 927 2916 αύτῆς
956 2840 1296 2915 διαφθεῖραι·
1332 2844 1393 2898 ἑκ
1418 2837 1529 2918 γάρ
1550 2843 1603 2899 οἱ
1627 2845 1731 2915 τῆς
1754 2839 1917 2918 ὄψιος

304 2931 361 2986 οἱ
395 2933 504 2989 τῶν
539 2928 733 3009 μάγων
770 2927 1121 3004 ὀνειροπόλοι
1161 2925 1483 3001 ἐσήμαινον,
1510 2926 1599 2987 ὅτι
1633 2930 1843 3003 μέλλοι
1882 2927 1917 2987 ὅ

301 3019 404 3089 τῆς
429 3016 701 3095 θυγατρός
735 3014 907 3074 αὐτοῦ
932 3014 1098 3093 γόνος
1130 3012 1503 3088 βασιλεύσειν
1530 3013 1653 3075 ἀντὶ
1685 3016 1915 3075 ἐκείνου.

303 3106 481 3160 ταῦτα
506 3102 572 3177 δὴ
602 3102 676 3163 ὦν
703 3100 1145 3176 φυλασσόμενος
1177 3098 1209 3157 ὁ
1233 3097 1568 3180 Ἀστυάγης,
1598 3102 1670 3165 ὥς
1696 3104 1917 3183 ἐγένετο

305 3186 340 3246 ὅ
373 3190 577 3263 Κῦρος,
604 3190 850 3251 καλέσας
864 3187 1162 3265 Ἀρπαγον
1195 3182 1370 3263 ἄνδρα
1403 3187 1629 3263 οἰκήῖον,
1658 3192 1753 3249 καὶ
1782 3215 1919 3251 πισ-

306 3271 542 3333 τότατόν
559 3299 621 3333 τε
646 3274 856 3349 Μήδων
883 3274 977 3333 καὶ
1001 3271 1222 3333 πάντων
1242 3273 1542 3349 ἐπίτροπον
1559 3279 1672 3336 τῶν
1692 3281 1918 3350 ἑωυτοῦ,
