2250 3500
332 110 429 158 248
969 108 1336 160 ·111>0A0·1=0'r
1793 108 1925 171 [111.

330 188 629 264 τριηκόσια
639 188 893 249 τάλαντα
908 188 1136 266 φόρος’
1098 214 1188 295 ην·
1216 187 1384 264 νομός
1399 188 1734 252 δυωδέκατος
1749 186 1930 253 οὗτος.

242 274 348 334 93’
350 274 477 334 Από
516 278 862 385 Πακτυϊκῆς
875 276 953 345 δὲ,
988 277 1079 335 καὶ
1112 275 1430 352 Ἃρμενίων,
1473 276 1565 336 καὶ
1601 280 1715 336 τῶν
1754 300 1932 353 προσ-

337 364 506 441 εχέων
550 364 720 441 μέχρι
760 365 862 423 τοῦ
892 364 1098 424 πόντου
1132 367 1234 422 τοῦ
1273 362 1554 433 Εὐξείνου,
1595 362 1934 441 τετρακόσια

334 449 602 510 τάλαντα·
644 450 814 527 νομὰς
842 452 1027 529 τρίτος
1068 450 1160 509 καῖ
1193 450 1419 514 δέκατος
1458 448 1638 514 οὗτος.
1719 449 1834 512 ‹in-6
1873 450 1935 510 δὲ

338 537 676 617 Σαγαρτίων,
731 538 823 597 καὶ
884 538 1235 617 Σαραγγέων,
1289 538 1382 597 καὶ
1433 539 1782 615 Θαμαναίων,
1840 538 1935 597 καὶ

340 624 571 696 Οὐτίων,
603 628 696 684 καὶ
727 626 949 694 Μύκων,
984 626 1074 684 καὶ
1103 628 1216 685 τῶν
1257 630 1316 685 ἐν
1353 629 1490 704 τῇσι
1529 624 1760 701 νήσοισι
1795 629 1932 685 οἰκε-

339 712 510 773 όντων
548 717 659 773 τῶν
703 718 761 773 ἐν
801 718 873 791 τῇ
911 711 1156 790 Ἐρυθρῇ
1200 711 1488 792 θαλάσσῃ,
1533 717 1592 771 ἐν
1629 716 1768 791 τῇσι
1805 712 1936 776 τοῦς

339 799 737 864 ἀνασπάστους
769 801 1135 878 καλεομένους
1167 799 1463 870 κατοικίζει
1498 798 1792 876 βασιλεῦς,
1820 799 1933 860 cin-<3

336 888 546 948 τούτων
588 887 809 949 πάντων
860 886 1125 958 ἑξακόσια
1175 887 1427 947 τάλαντα
1475 888 1685 967 ἐγίνετο
1738 887 1932 964 φόρος·

339 976 508 1051 νομός
550 976 811 1053 τέταρτος
859 977 950 1034 καὶ
994 975 1219 1038 δέκατος
1261 972 1434 1038 οὗτος.
1521 974 1716 1038 Σάκαι.
1742 975 1804 1055 δὲ
1841 977 1936 1036 καὶ

341 1062 597 1122 Κάσπιοι
625 1061 967 1137 πεντήκοντα
997 1063 1090 1121 καὶ
1127 1060 1384 1137 διηκόσια
1415 1060 1637 1142 ἀγίνεον
1665 1061 1934 1122 τάλαντα·

342 1148 512 1227 νομός
542 1150 796 1226 πέμπτος
834 1149 925 1207 καὶ
957 1149 1183 1212 δέκατος
1223 1146 1400 1213 οὗτος.
1470 1148 1695 1226 Πάρθοι
1734 1150 1810 1220 δὲ,
1843 1152 1936 1211 καὶ

341 1237 679 1315 Χοράσμιοι,
730 1238 823 1296 καὶ
870 1236 1073 1317 Σόγδοι
1117 1262 1182 1296 τε
1228 1238 1320 1296 καὶ
1358 1235 1592 1313 Ἀρειοι,
1640 1236 1938 1313 τριηκόσια

247 1327 324 1385 94
339 1324 608 1386 τάλαντα·
640 1324 811 1403 νομὰς
836 1324 989 1387 ἕκτος
1015 1324 1105 1383 καὶ
1127 1324 1349 1387 δέκατος
1371 1322 1548 1387 οὗτος.
1605 1325 1938 1401 Παρικάνιοι

344 1412 418 1483 δὲ,
440 1414 545 1479 ,καὶ
587 1415 849 1477 Αἰθίοπες
887 1416 941 1473 οἶ
982 1417 1043 1472 ἐκ
1082 1416 1184 1487 τῆς
1220 1411 1434 1487 Ἀσίης,
1467 1411 1804 1488 τετρακόσια
1842 1413 1935 1472 τά·

343 1505 523 1562 λαντα
550 1503 869 1583 ἀπαγίνεον·
911 1500 1081 1578 νομός
1108 1500 1350 1577 ἕβδομος
1377 1500 1469 1558 καὶ
1501 1500 1728 1563 δέκατος
1755 1498 1936 1565 οὗτος.

347 1594 689 1666 Ματιηνοῖσι
722 1591 797 1659 δὲ,
828 1589 918 1648 καὶ
955 1589 1292 1665 Σάσπειρσι,
1319 1586 1412 1645 καὶ
1441 1586 1831 1665 Ἀλαροδίοισι
1862 1589 1937 1647 δι-

340 1674 549 1753 ηκόσια
568 1677 893 1735 ἐπετέτακτο
907 1676 1176 1735 τάλαντα·
1197 1672 1370 1753 νομδς
1389 1673 1586 1757 ὄγδοος
1603 1676 1694 1733 καὶ
1712 1676 1955 1740 δέκατος

342 1759 521 1826 οὗτος.
580 1762 877 1840 Μόσχοισι
898 1763 973 1832 δὲ,
995 1763 1087 1821 καὶ
1106 1764 1498 1841 Τιβαρηνοῖσι,
1521 1763 1614 1822 καὶ
1640 1764 1936 1842 Μάκρωσι,

342 1849 435 1908 καὶ
480 1850 907 1922 Μοσυνοίκοισι,
950 1851 1043 1908 καὶ
1086 1852 1306 1926 Μαρσὶ,
1346 1850 1643 1928 τριηκόσια
1687 1851 1940 1912 τάλαντα

339 1939 656 2015 προείρητο·
698 1937 867 2014 νομός
893 1937 1103 2001 εἴνατος
1130 1939 1222 1996 καὶ
1253 1939 1479 2002 δέκατος
1505 1936 1686 2003 οὗτος.
1751 1938 1940 2002 Ἰνδῶν

342 2025 404 2085 δὲ
422 2025 642 2102 πλῆθός
665 2051 727 2087 τε
752 2030 951 2105 πολλῷ
969 2025 1292 2086 πλεῖστόν’
1265 2051 1390 2086 εστι
1415 2052 1636 2088 παντων
1654 2029 1766 2088 τῶν
1779 2027 1940 2136 ημεῖς

341 2113 498 2192 ἴδμεν
533 2114 847 2210 ἅνθρωπων,
877 2115 968 2174 καὶ
1000 2113 1184 2192 φόρον
1213 2114 1514 2196 απαγίνεον
1548 2115 1692 2192 πρὸς
1728 2117 1940 2181 πάντας

342 2228 473 2266 τους
508 2193 733 2273 αλλους,
763 2202 1027 2279 ἑξήκοντα
1060 2203 1152 2263 καὶ
1185 2201 1482 2280 τριηκόσια
1516 2203 1770 2265 τάλαντα
1795 2204 1936 2284 ψήγ-

248 2291 324 2348 95
340 2315 535 2366 ματος·
577 2316 747 2366 νομος
783 2290 1033 2355 εῖκοστός
1069 2289 1397 2353 οὗτος.Το
1433 2292 1539 2366 μὲν
1571 2290 1640 2366 δὴ
1677 2290 1939 2372 ἀργύριον

342 2378 409 2435 τὰ
441 2376 809 2452 Βαβυλώνιον
842 2378 983 2455 πρός
1016 2378 1083 2439 vd
1114 2376 1399 2454 Εὖβοῖκόν
1427 2377 1938 2455 συμβαλλεόμενον

284 2539 295 2548 ·
340 2462 618 2522 τάλαντον
648 2464 861 2544 γίνεται
889 2463 1304 2542 τεσσεράκοντα
1341 2465 1434 2524 καὶ
1467 2465 1811 2528 πεντακόσια
1845 2467 1940 2525 καὶ

346 2550 717 2628 εἷνακισχιλια
761 2551 1029 2611 τάλαντα.
1108 2552 1176 2612 τὰ
1230 2553 1290 2612 δὲ
1338 2553 1578 2631 χρυσίον
1628 2553 1936 2630 τρισκαιδε-

345 2636 656 2698 καστάσιον
701 2638 1077 2721 λογιζόμενον,
1118 2639 1186 2700 τὰ
1234 2643 1439 2722 ψῆγμα
1487 2639 1799 2717 εὖρίσκεται
1845 2639 1940 2700 ε’ὂν

342 2725 640 2802 Εὐβοϊκῶν
677 2726 963 2788 ταλάντων
1002 2726 1318 2808 ὀγδώκοντα
1358 2728 1452 2786 καὶ
1497 2727 1797 2798 ἑξακοσίων
1844 2728 1938 2786 καὶ

342 2815 818 2892 τετρακισχιλίων.
876 2814 1086 2875 τούτων
1111 2813 1187 2874 ὧν
1210 2815 1430 2876 πάντων
1450 2815 1852 2892 συντιθεμένων
1869 2814 1937 2876 τὸ

341 2902 577 2976 πλῆθος,
592 2901 849 2977 Εὖβοῖκσῖ
868 2901 1117 2962 τάλαντα
1145 2904 1478 2983 συνελέγετο
1499 2907 1554 2966 ἐς
1569 2901 1670 2963 τᾶν
1690 2904 1937 2964 ἐπέτειον

342 2987 525 3064 φόρον
562 2990 777 3068 Δαρείῳ
815 2987 987 3066 μύρια
1022 2989 1113 3048 καὶ
1147 2992 1574 3070 τετρακισχιλια
1609 2990 1703 3051 καὶ
1737 3015 1937 3051 πεντα-

344 3074 513 3134 κόσια
537 3100 631 3134 και
658 3076 935 3152 ἐξήκοντα·
966 3076 1033 3136 τὰ
1060 3075 1107 3135 δ’
1129 3077 1208 3135 ἔτι
1232 3076 1442 3137 τούτων
1463 3079 1715 3139 ἔλασσον
1739 3076 1940 3150 α’πιεὶς,

250 3156 325 3221 96
344 3183 408 3216 ου
439 3161 608 3240 λέγω.
678 3162 857 3225 Οὗτος
883 3163 1096 3242 Δαρείῳ
1121 3164 1363 3239 προσήῖε
1391 3164 1568 3242 φόρος
1597 3164 1712 3227 α’,πό
1739 3191 1804 3227 τε
1837 3171 1942 3244 τῆς

343 3241 545 3322 Ἀσίης
577 3250 671 3307 καὶ
698 3253 799 3324 τῆς
826 3249 1046 3327 Λιβύης
1080 3248 1437 3330 ὀλιγαχόθεν·
1479 3253 1772 3328 προϊόντος
1811 3253 1941 3332 μέν·
