2250 3500
334 109 614 175 130—134]
903 113 1364 163 'MEAHOMENH.
1835 117 1931 166 333

411 190 487 250 ‘H
525 191 587 250 δὲ
613 191 868 256 Σκυθέων
890 192 995 269 μία
1032 196 1206 270 μοῖρα
1238 193 1278 268 ἤ
1315 194 1594 272 ταχθεῖσα
1619 193 1892 272 πρότερον
1914 198 2028 256 133

328 281 437 358 μὲν
461 279 615 358 παρὰ
640 279 746 355 τήν
771 285 1019 356 Μαιῆτιν
1045 282 1250 357 λίμνην
1282 282 1572 358 φρουρέειν
1596 282 1725 342 τότε
1752 284 1810 343 δὲ
1839 285 1931 342 ἐπὶ

328 395 432 428 τον
450 367 679 446 Ἴστρον
703 368 867 428 Ἴωσι
904 374 958 432 ἐς
993 369 1199 450 λόγους
1240 371 1442 440 ἐλθεῖν,
1472 397 1543 434 ως
1585 370 1815 430 οἷπίκετο
1843 372 1935 430 ἐπὶ

328 454 435 532 τήν
460 458 713 536 γέφυραν
738 458 898 538 ἔλεγε
923 457 1072 517 τάδε·
1116 468 1153 493 “
1170 456 1408 534 ανδρες
1412 465 1586 528 Ιωνες,
1616 459 1934 535 ἐλευθερίην

327 543 463 621 υμῖν
491 543 701 621 ἥκομεν
732 547 1014 622 φέροντες,
1046 543 1222 622 ἥνπερ
1246 571 1314 626 γε
1356 547 1586 621 ἐθέλητε
1622 546 1930 608 ἐσακούειν.

328 632 727 710 πυνθανόμεθα
765 633 877 714 γὰρ
926 636 1166 710 Δαρεῖον
1221 633 1579 694 ἐντείλασθαι
1618 632 1766 710 υμῖν,
1809 632 1930 710 εξή-

334 746 503 780 κοντα
542 720 755 798 ἡμέρας
792 720 1000 797 μούνας
1053 719 1486 798 φρουρήσαντας
1523 720 1628 796 τὴν
1664 721 1933 802 γέφυραν,

332 808 505 868 αὐτοῦ
530 834 611 886 μη
640 810 1087 891 παραγινομένου
1114 813 1174 868 ἐν
1207 807 1383 868 τούτω
1407 811 1485 888 τῷ
1525 807 1723 888 χρόνῳ,
1753 807 1934 868 ἀπαλ-

332 897 665 957 λάσσεσθαι
718 901 773 960 ἐς
816 897 921 972 τὴν
966 895 1257 973 υμετέρην·
1326 900 1423 957 νῦν
1477 895 1552 956 ὦν
1597 896 1755 973 ὑμεῖς
1803 896 1937 956 τάδε

330 987 626 1054 ποιεῦντες,
683 984 841 1048 ἐκτὸς
890 986 995 1061 μὲν
1047 985 1254 1044 ἔσεσθε
1305 984 1448 1062 πρὸς
1498 984 1706 1044 ἐκείνου
1759 984 1939 1060 αἰτίης

333 1071 492 1135 ἐκτὸς
517 1072 577 1130 δὲ
601 1071 743 1150 πρός
768 1071 974 1149 ἤμέων·
1004 1073 1107 1136 ταῖς
1133 1073 1498 1149 προκειμένας
1522 1071 1734 1149 ἠμέρας
1758 1097 1936 1148 παρα-

331 1160 615 1236 μείναντες
664 1159 732 1220 τὸ
780 1159 895 1221 cim?
940 1159 1142 1220 τούτου
1195 1159 1701 1220 ἅπαλλάσσεσθε.”
1783 1157 1937 1220 οὗτοι

330 1247 437 1323 μέν
466 1273 579 1317 νυν,
606 1247 1023 1324 ὑποδεξαμένων
1058 1246 1256 1307 Ἰώνων
1294 1247 1556 1323 ποιήσειν
1593 1251 1786 1318 ταῦτα,
1814 1247 1937 1308 ὀπί-

332 1360 420 1394 σω
443 1335 549 1411 τήν
572 1337 850 1416 ταχίστην
876 1336 1186 1414 ἐπείγοντο.

414 1424 681 1502 Πέρσῃσι
713 1424 789 1494 δὲ,
824 1422 967 1502 μετοὶ
1001 1423 1073 1482 τὰ
1108 1422 1259 1498 δῶρα
1288 1421 1360 1481 τσῖ
1392 1420 1630 1482 ἐλθόντα
1657 1421 1892 1500 Δαρείῳ,
1916 1423 2030 1481 134

331 1511 759 1590 ἐπετάχθησαν
814 1515 868 1571 οἱ
919 1510 1355 1587 ὑπολειφθέντες
1409 1509 1621 1573 Σκύθαι
1659 1509 1806 1587 πεζῷ
1845 1509 1937 1567 καὶ

334 1600 577 1668 ἵπποισι,
614 1598 685 1663 ὦς
728 1598 1172 1677 συμβαλέοντες.
1252 1598 1644 1678 τεταγμένοισι
1685 1597 1745 1656 δὲ
1782 1599 1938 1656 τοῖσι

335 1686 591 1766 Σκύθῃσι
615 1687 793 1770 λαγὸς
820 1693 875 1753 ἐς
900 1685 966 1747 τὸ
993 1686 1174 1765 μέσον
1193 1685 1365 1766 διῇξε·
1392 1690 1503 1747 τῶν
1523 1685 1584 1744 δὲ
1611 1683 1681 1750 ὥς
1707 1686 1936 1744 ἔκαστοι

334 1775 506 1853 ὦρεον
529 1776 631 1837 τᾶν
656 1777 839 1857 λαγὸν
863 1776 1105 1835 ἐδίωκον·
1149 1776 1536 1855 ταραχθέντων
1569 1774 1628 1834 δὲ
1657 1777 1768 1834 τῶν
1795 1773 1932 1837 Σκυ-

334 1864 474 1923 θέων
528 1864 621 1922 καὶ
671 1865 791 1943 βοῇ
843 1864 1183 1942 χρεωμένων,
1239 1864 1415 1940 εἴρετο
1466 1863 1499 1922 ὁ
1544 1865 1780 1938 Δαρεῖος
1821 1864 1932 1920 τῶν
1985 1902 1989 1906 -

334 1949 743 2028 ἆντιπολεμίων
768 1952 867 2012 τόν
893 1950 1162 2028 θόρυβον·
1201 1949 1514 2024 πυθόμενος
1540 1949 1603 2007 δέ
1627 1954 1814 2024 σφεας
1837 1947 1938 2007 τόν

334 2038 519 2118 λαγόν
552 2038 863 2109 διώκοντας,
894 2038 1013 2098 εἶπε
1048 2035 1160 2114 ἄρα
1198 2035 1339 2112 πρὸς
1377 2034 1626 2109 τούσπερ
1656 2034 1818 2093 ἐώθεε
1843 2036 1938 2092 καὶ

333 2126 406 2185 τοὶ
435 2124 590 2185 ἄλλα
615 2127 821 2206 λέγειν·
850 2136 886 2162 “
903 2123 1059 2185 οὗτοι
1084 2122 1286 2201 ὦνδρες
1308 2122 1494 2199 ἧμέων
1519 2120 1746 2180 πολλόν
1772 2145 1935 2180 κατα·
1949 2191 1961 2201 ὁ

336 2214 662 2289 φρονέουσι·
730 2214 829 2273 καί
873 2239 973 2290 μοι
1016 2217 1113 2272 νῦν
1161 2212 1418 2287 φαίνεται
1459 2206 1731 2285 Γωβρύης
1786 2207 1938 2267 εἶπαι

334 2302 466 2378 περὶ
491 2306 602 2362 τῶν
629 2303 913 2366 Σκυθικῶν
945 2300 1132 2378 δώρων
1158 2298 1354 2375 ὀρθῶς.
1438 2296 1509 2361 ὥς
1537 2296 1610 2357 ὧν
1638 2295 1807 2359 οὕτως
1833 2294 1940 2371 ἤδη

338 2388 640 2449 δοκεόντων
681 2389 774 2448 καὶ
814 2388 961 2468 αὐτῷ
998 2414 1099 2465 μοι
1140 2389 1304 2465 ἔχειν,
1341 2388 1563 2462 βουλῆς
1603 2384 1819 2466 οἷγαθῆς
1859 2386 1945 2443 δεῖ

317 2475 480 2557 ςὸκως
525 2475 833 2552 οἷσφαλέως
877 2476 919 2552 ἦ
967 2473 1168 2552 κομιδὴ
1212 2474 1349 2551 ἡμῖν
1395 2476 1556 2534 ἔσται
1595 2473 1662 2534 τὸ
1707 2470 1942 2532 ὄπίσω.”

336 2563 480 2640 πρός
504 2568 680 2624 ταῦτα
705 2564 977 2671 Γωβρύης
1004 2563 1142 2623 εἶπε·
1177 2573 1212 2599 “
1231 2562 1274 2620 ὧ
1299 2565 1622 2640 βασιλεῦ,’
1597 2586 1705 2641 εγω
1732 2560 1940 2639 σχεδον

335 2654 442 2730 μὲν
482 2653 575 2711 καὶ
626 2652 779 2733 λόγω
817 2651 1148 2729 ἠπιστάμην
1184 2650 1395 2711 τούτων
1432 2652 1545 2710 τῶν
1586 2647 1798 2723 ἀνδρῶν
1835 2646 1940 2721 τήν

337 2737 595 2815 ἀπορίην,
625 2740 805 2801 ἐλθων
844 2740 905 2799 δὲ
943 2743 1173 2817 μᾶλλον
1215 2737 1500 2814 ἐξέμαθον,
1531 2734 1700 2812 ορέων
1740 2732 1940 2795 αὐτους

339 2828 769 2903 ἐμπαίζοντας
732 2831 886 2905 ημῖν.
959 2830 1057 2888 νῦν
1082 2850 1159 2885 ων
1182 2842 1282 2901 μοι
1308 2824 1554 2892 δοκέει,’
1529 2846 1669 2896 επην
1692 2818 1940 2898 τάχιστα

340 2914 443 2983 νυξ
481 2916 711 2993 ἐπέλθῃ,
754 2914 1121 2975 ἐκκαύσαντες
1171 2910 1245 2971 τοὶ
1296 2908 1446 2987 πυροὶ
1487 2934 1558 2971 ως
1599 2907 1690 2966 καὶ
1730 2904 1940 2965 αλλοτε

340 3002 589 3079 ἐώθαμεν
628 3003 850 3073 ποιέειν,
879 3005 991 3063 τῶν
1024 2998 1404 3077 στρατιωτέων
1434 3021 1564 3058 τους
1601 2991 1940 3055 ασθενεστά-

337 3114 469 3153 Τους
522 3094 577 3154 ἐς
627 3116 727 3154 τας
764 3089 1144 3165 ταλαιπωρίας
1183 3084 1640 3161 ἐξαπατήσαντας
1680 3081 1772 3140 καὶ
1810 3079 1942 3143 τούς

340 3176 502 3242 ὅνους
526 3177 740 3242 πάντας
766 3176 1203 3252 καταδήσαντας,
1236 3170 1724 3233 ἀπαλλάσσεσθαι
1748 3167 1881 3245 πρὶν
1903 3164 1942 3244 ἢ

342 3265 437 3322 καὶ
481 3266 574 3324 ἐπὶ
612 3265 712 3325 τόν
745 3264 979 3342 Ἴστρον
1022 3263 1213 3324 ἰθῦσαι
1255 3260 1473 3327 Σκύθας
1515 3256 1794 3321 Meam-as
1838 3253 1943 3330 Τἦν
