2250 3500
250 126 261 132 '
289 128 513 196 71-73]
962 130 1230 182 omn.
1450 171 1463 185 .
1789 130 1886 184 237

292 209 557 287 φυλακαῖς
592 236 703 291 γαρ
730 208 799 285 δὴ
826 208 1163 273 διεστεώσας
1200 208 1354 273 οἶδάς
1387 235 1486 270 κου
1520 209 1611 270 καὶ
1642 207 1822 280 αύτός,
1851 213 1900 271 εἲ

292 298 379 375 μή
411 297 553 368 ἔδων,
584 296 715 356 ἀλλ’
745 295 1011 359 οἰκούσας·
1053 322 1120 360 ας
1151 298 1258 375 τέῳ
1282 296 1470 378 τρόπω
1493 297 1848 375 περήσομεν·
1834 343 1851 368 ,
1865 296 1898 319 ”

294 383 595 494 ἀμείβεται
631 388 867 461 Δαρεῖος
899 384 1108 445 τοῖσδε·
1157 392 1190 421 “
1205 384 1434 461 Ὀτάνη,
1471 385 1508 461 ἦ
1543 386 1740 445 πολλά
1773 392 1898 447 ἐστι

294 498 369 533 τα
403 472 557 553 λόγω
582 497 687 549 μεν
714 472 815 531 ούκ
851 471 943 532 οἶά
976 498 1041 533 τε
1076 472 1408 547 δηλῶσαι,”
1379 498 1520 554 εργῳ
1545 472 1625 531 δέ·
1666 472 1897 534 αλλαδ

296 560 426 620 ἐστὶ
455 585 529 619 τα
562 560 716 640 λόγω
746 561 851 637 μὲν
883 560 975 619 οἷά
1008 586 1087 631 τε,
1116 561 1280 641 ἔργον
1314 560 1374 620 δὲ
1410 559 1637 621 ούδέν’
1597 559 1697 619 απ’
1721 560 1900 623 αὐτῶν

294 648 560 725 λαμπρόν
583 648 816 729 γίνεται·
856 646 1013 724 ύμεῖς
1045 648 1105 707 δὲ
1135 649 1262 709 ἴστε
1289 647 1550 725 φυλακᾶς
1574 647 1676 712 τοὶς
1701 674 1898 709 κατεσ-

290 735 511 799 τεώσας
542 734 745 799 ἐούσας
776 734 935 795 οὐδὲν
957 734 1214 815 χαλεποῖς
1243 738 1564 814 παρελθεῖν·
1605 740 1770 797 τοῦτο
1794 740 1900 814 μὲν

293 823 426 905 γὰρ,
452 823 639 901 ἧμέων
664 823 865 885 ἐόντων
887 824 1131 895 τοιῶνδε,
1161 823 1336 889 οὐδεὶς
1359 824 1518 888 ὅστις
1543 823 1609 885 οὗ
1633 823 1897 902 παρήσει,

294 910 369 971 τοὶ
398 911 505 992 μέν
529 937 629 971 κου
665 910 1086 989 καταιδεόμενος
1118 911 1296 990 ἦμέας
1324 912 1397 974 τοὶ
1433 912 1495 973 δέ
1532 939 1632 973 κου
1668 914 1761 973 καὶ
1793 913 1900 972 δει-

294 1000 523 1076 μαίνων·
564 1003 731 1060 τοῦτο
764 999 840 1069 δὲ,
869 1000 977 1079 ἔχω
1008 998 1177 1064 αὖτδς
1208 1005 1422 1079 σκῆψιν
1449 999 1899 1079 εὐπρεπεστάτην

293 1090 369 1165 τῇ
392 1086 649 1165 πάριμεν,
678 1085 792 1163 φὰς
822 1083 949 1163 ἄρτι
976 1112 1040 1147 τε
1063 1086 1218 1163 ἥκειν
1245 1093 1308 1149 ἐκ
1337 1088 1606 1166 Περσέων
1632 1090 1725 1148 καὶ
1758 1089 1898 1165 βού-

294 1176 509 1235 λεσθαί
521 1200 581 1236 τι
602 1175 733 1237 ἔπος
750 1172 905 1252 παρὰ
922 1179 1027 1235 τοῦ
1046 1174 1259 1253 πατρδς
1278 1181 1530 1255 σημῆναι
1541 1180 1620 1256 τῷ
1637 1176 1894 1253 βασιλέϊ·

296 1261 431 1322 ἔνθα
453 1262 565 1343 γάρ
582 1288 641 1321 τι
666 1262 751 1321 δεῖ
773 1262 977 1340 ψεῦδος
1002 1262 1293 1344 λέγεσθαι,
1315 1264 1591 1344 λεγέσθω.
1647 1264 1770 1343 (τοῦ
1785 1263 1898 1345 γοὶρ

297 1348 470 1409 αὐτοῦ
492 1349 826 1431 γλιχόμεθα,
851 1350 991 1410 οἵτε
1010 1350 1338 1428 ψευδόμενοι
1364 1352 1457 1410 καὶ
1484 1353 1538 1409 οἶ
1561 1355 1633 1429 τῇ
1653 1350 1898 1429 ἀληθηΐῃ

298 1435 711 1515 διαχρεώμενοι·
766 1440 822 1498 οἱ
860 1436 965 1513 μέν
1002 1462 1071 1519 γε
1110 1436 1406 1515 ψεύδονται
1447 1437 1594 1510 τότε,
1638 1436 1805 1497 ἐπεάν
1841 1463 1898 1498 τι

296 1523 559 1601 μέλλωσι
583 1527 737 1585 τοῖσι
760 1524 993 1603 ψεύδεσι
1016 1525 1312 1589 πείσαντες
1337 1524 1730 1604 κερδήσεσθαι·
1772 1528 1824 1584 οἳ
1850 1524 1898 1585 δ’

300 1610 673 1689 ἀληθίζονται,
703 1612 793 1673 ἵνα
815 1637 873 1673 τι
895 1616 969 1693 τῇ
988 1612 1234 1693 ἅληθηΐῃ
1256 1612 1682 1675 ἐπισπάσωνται
1704 1611 1898 1697 κέρδος

301 1701 401 1760 καί
438 1725 496 1762 τι
539 1700 793 1778 μᾶλλόν,
812 1708 929 1780 σφι
978 1701 1368 1780 ἐπιτράπηται·
1423 1701 1564 1765 οὕτω
1611 1701 1678 1763 οὗ
1723 1700 1901 1764 ταύτὰ

300 1788 599 1854 ἀσκέοντες
619 1789 832 1850 τώυτοῦ
861 1789 1256 1870 περιεχόμεθα.
1325 1796 1376 1853 εἰ
1405 1792 1467 1852 δὲ
1504 1791 1678 1868 μηδὲν
1709 1789 1898 1868 κερδή·

302 1879 512 1938 σεσθαι
533 1877 815 1955 μέλλοιεν,
832 1877 1092 1955 ὁμοίως’“
1058 1904 1128 1938 αν
1147 1877 1181 1938 ὅ
1197 1904 1262 1940 τε
1282 1878 1680 1956 ἀληθιζόμενος
1698 1879 1902 1956 ψευδής

304 1991 389 2041 ειη
420 1967 513 2026 καὶ
549 1993 583 2026 ο
616 1965 951 2045 ψευδόμενος
985 1965 1246 2047 αληθής.)
1313 1993 1376 2030 ος
1415 1965 1486 2026 αν
1517 1966 1624 2043 μέν
1657 1991 1756 2027 νυν
1792 1971 1902 2027 τῶν

302 2056 597 2132 πυλουρῶν
639 2053 775 2114 ἐκων
814 2056 1006 2133 παρίῃ,
1050 2051 1198 2132 αύτῷ
1237 2054 1292 2113 οἱ
1335 2077 1562 2130 αμεινον
1602 2057 1660 2115 ἐς
1696 2052 1902 2131 χρόνον

305 2141 483 2200 ἔσται·
526 2167 589 2205 ος
627 2138 739 2201 δ’*
698 2166 776 2202 αν
812 2140 1153 2216 ἀντιβαίνειν
1189 2143 1466 2216 πειρᾶται,
1507 2139 1904 2200 διαδεικνύσθω

306 2229 543 2289 ἐνθαῦτα
588 2228 691 2290 ἐων
733 2227 1024 2306 πολέμιος·
1078 2227 1172 2287 καὶ
1225 2228 1412 2287 ἔπειτα
1461 2225 1740 2304 ὠσάμενοι
1791 2226 1904 2286 ἔσω

306 2318 471 2398 ἔργου
498 2315 805 2397 ἐχῶμεθαῗ

386 2403 557 2485 Λέγει
584 2403 857 2482 Γωβρύης
885 2429 1031 2481 μετα
1055 2406 1251 2466 ταῦτα·
1292 2413 1330 2441 “
1345 2402 1536 2482 ἄνδρες
1564 2401 1809 2481 φιλοι,”
1771 2404 1907 2481 ημῖν
1922 2403 2000 2466 73

308 2490 437 2552 κότε
462 2492 700 2552 κάλλιον
724 2491 954 2569 παρέξει
984 2490 1397 2554 ἀνασώσασθαι
1421 2518 1526 2568 την
1551 2491 1748 2572 ἀρχὴν,
1775 2489 1830 2567 ἢ,
1859 2492 1910 2552 εἴ

304 2605 375 2660 γε
393 2604 474 2655 μη
496 2577 609 2639 οἷοί
622 2605 683 2640 τε
704 2579 953 2656 ἐσόμεθα
972 2577 1148 2656 αὐτὴν
1165 2579 1521 2656 αναλαβέειν,
1543 2579 1904 2641 ἅποθανέειν·
1887 2623 1906 2650 ,

306 2665 502 2747 ὅτεγε
535 2665 825 2746 ἀρχόμεθα
848 2669 955 2744 μὲν
980 2665 1161 2732 ἐόντες
1191 2667 1416 2744 Πέρσαι
1445 2667 1555 2727 ὖπό
1582 2667 1784 2742 Μήδου
1814 2664 1908 2726 αἶν-

307 2753 439 2831 δρός
470 2755 696 2835 Μάγου,
730 2755 823 2814 καὶ
860 2753 1059 2815 τούτου
1100 2753 1216 2815 ὦτα
1245 2754 1356 2824 ,οὐκ
1397 2756 1640 2832 ἔχοντος·
1680 2752 1812 2814 ὅσοι
1847 2777 1911 2812 τε

305 2839 490 2918 ὑμέων
520 2841 819 2920 Καμβύσῃ
850 2841 1107 2903 νοσέοντι
1142 2837 1533 2922 παρεγένοντο,
1557 2839 1776 2904 πάντως
1811 2864 1921 2898 κου-

304 2927 601 3008 μέμνησθε
626 2931 699 2990 τοὶ
725 2929 1012 3008 ἐπέσκηψε
1046 2928 1314 3008 Πέρσῃσι
1349 2931 1622 2989 τελευτῶν
1644 2927 1745 2988 τόν
1777 2926 1912 3003 βίον

305 3015 392 3094 μή
432 3015 855 3096 πειρεωμένοισι
895 3015 1247 3078 ἀνακτᾶσθαι
1283 3015 1390 3091 τήν
1429 3014 1630 3095 ἀρχήν·
1672 3013 1746 3074 τὰ
1782 3012 1912 3073 τότε

306 3103 412 3166 σῦκ
448 3105 827 3181 ἐνεδεκόμεθα,
853 3102 987 3164 ἀλλ’
1013 3105 1107 3164 ἐπὶ
1143 3103 1390 3181 διαβολῇ
1419 3102 1706 3180 ἐδοκέομεν
1741 3103 1914 3160 εἰπεῖν

308 3192 661 3270 Καμβύσεα.
704 3197 803 3254 νῦν
819 3191 893 3251 ὦν
908 3193 1132 3270 τίθεμαι
1151 3196 1348 3270 ψῆφον
1367 3191 1663 3252 πείθεσθαι
1679 3189 1912 3268 Δαρείῳ,

289 3279 407 3340 ’καὶ
434 3279 517 3357 μὴ
544 3279 875 3340 διαλύεσθαι
900 3283 963 3338 ἐκ
990 3283 1092 3337 τοῦ
1124 3277 1419 3359 συλλόγου
1442 3277 1575 3338 ἀλλ’
1603 3276 1788 3342 ἰόντας
1819 3276 1914 3336 ἐπὶ
