2250 3500
329 143 428 194 142
940 145 1309 197 ἨΡΟΔΟΤΟΤ
1826 141 1928 208 [II.

332 221 677 300 κροκόδειλοι
715 223 871 284 άλλαῖ
909 224 1155 305 χάμψαι·
1224 223 1612 302 κροκοδείλους
1654 223 1716 284 δὲ
1746 222 1935 286 Ἴωνες

332 309 647 388 ὠνόμασαν,
702 311 1004 384 εἰκάζοντες
1044 312 1225 373 αὐτῶν
1265 313 1339 373 τοὶ
1386 311 1531 371 εἴδεα
1580 315 1737 371 τοῖσι
1778 311 1935 389 παρὰ

331 398 508 473 σφίσι
531 401 876 480 γινομένοισι
904 400 1312 479 κροκοδείλοισι
1342 403 1496 459 τοῖσι
1524 403 1582 458 ἐν
1605 402 1743 477 τῇσι
1770 402 1930 478 αἷμα-

236 486 314 548 70
331 489 516 565 σιῇσι.
586 487 803 569 Ἀγραι.
850 489 913 548 δέ
951 495 1145 565 σφεων
1190 488 1407 547 πολλαὶ
1460 487 1799 547 κατεστέασι
1838 488 1933 546 καὶ

329 579 606 635 παντοῖαι·
646 575 684 652 ἣ
706 575 752 636 δ’
774 575 847 636 ὧν
868 577 998 654 ἐμοί
1015 602 1084 657 γε
1110 575 1287 636 δοκέει
1312 572 1586 650 ἀξιωτάτη
1612 572 1935 655 ἀπηγήσιος

332 661 486 734 εἶναι,
513 665 719 742 ταύτην
743 665 964 746 γράφω·
1008 663 1177 724 ε’πειέν
1208 666 1381 724 νῶτον
1410 661 1509 726 ύός
1533 661 1777 742 δελεάσῃ
1801 664 1933 741 περὶ

331 748 650 831 ἄγκιστρον,
683 754 860 829 μετίει
900 757 956 816 ἐς
992 753 1174 829 μέσον
1210 750 1309 812 τόν
1346 749 1622 827 ποταμόν·
1662 749 1830 814 αὗτός
1870 751 1931 810 δὲ

332 839 424 897 ἐπὶ
462 844 564 901 τοῦ
601 841 823 919 χείλεος
861 844 968 900 τοῦ
999 842 1259 921 ποταμοῦ
1300 839 1441 919 ἔχων
1476 838 1737 914 δέλφακα
1767 836 1929 915 ζωήν,

329 926 536 1002 ταύτην
573 927 785 988 τύπτει·
840 927 1157 990 ἐπακούσας
1196 927 1255 987 δὲ
1293 930 1394 1002 τῆς
1434 929 1624 1002 φωνῆς
1663 924 1697 986 ὁ
1738 926 1929 1004 κροκό-

331 1013 512 1078 δειλος
555 1015 694 1074 ἵεται
732 1015 872 1076 κατὰ
907 1016 1011 1091 τήν
1046 1015 1254 1092 φωνὴν,
1292 1013 1533 1093 ἐντυχών
1568 1015 1627 1072 δὲ
1665 1017 1744 1093 τῷ
1777 1014 1929 1094 νώτῳ

333 1102 636 1164 καταπίνει·
692 1105 746 1163 οἶ
788 1104 848 1163 δὲ
889 1105 1141 1164 ἕλκουσι·
1205 1102 1373 1163 ἐπεοῖν
1418 1103 1478 1163 δὲ
1518 1100 1829 1180 ἐξελκυσθῇ
1874 1109 1930 1167 ἐς

329 1193 454 1270 γῆν,
505 1194 725 1269 πρῶτον
771 1191 1027 1252 ἁπάντων
1080 1191 1113 1253 ὅ
1168 1188 1436 1268 θηρευτής
1478 1193 1642 1268 πηλῷ
1690 1189 1808 1250 κατ’
1854 1188 1930 1250 ὧν

330 1278 547 1339 ἔπλασε
589 1279 758 1340 αὐτοῦ
797 1279 926 1344 τούς
966 1278 1317 1356 ὀφθαλμούς·
1357 1280 1525 1338 τοῦτο
1566 1277 1627 1336 δὲ
1664 1276 1926 1353 ποιήσας,

330 1364 506 1444 κάρτα
537 1367 798 1433 εὐπετέως
829 1368 901 1429 τὰ
933 1367 1110 1429 λοιποὶ
1146 1368 1448 1448 χειροῦται·
1489 1364 1570 1443 μή
1584 1364 1841 1442 ,ποιήσας
1867 1366 1929 1426 δὲ

326 1458 510 1526 τοῦτο,
538 1456 646 1517 σῦν
670 1455 842 1538 πόνῳ.

235 1541 306 1602 71
411 1546 485 1602 Οἱ
517 1545 577 1603 δὲ
605 1544 765 1605 ἵπποι
793 1547 847 1604 οἶ
871 1542 1140 1621 ποτάμιοι
1165 1545 1316 1622 νομῷ
1340 1543 1445 1619 μὲν
1474 1545 1551 1622 τῷ
1576 1542 1928 1622 Παπρημίτῃ

330 1629 444 1704 ἱροί
481 1635 607 1701 εἶσι,
650 1635 805 1691 τοῖσι
851 1632 911 1690 δὲ
963 1629 1198 1691 ἄλλοισι
1240 1630 1601 1704 Αἰγυπτίοισι
1648 1629 1747 1690 οὐκ
1794 1631 1925 1708 ἱροί·

327 1715 505 1792 φύσιν
531 1717 590 1777 δὲ
623 1718 961 1797 παρέχονται
989 1717 1133 1796 ἰδέης
1166 1717 1403 1795 τοιήνδε·
1444 1715 1751 1794 τετράπουν
1782 1718 1925 1790 ἐστὶ,

329 1803 578 1882 δίχηλον,
619 1805 818 1887 [ὁπλαὶ
857 1805 1042 1887 βοὸς,]
1077 1806 1269 1884 σιμόν,
1310 1807 1523 1883 λοφιὴν
1562 1808 1693 1886 ἔχον
1734 1807 1924 1879 ἵππου,

325 1892 725 1970 χαυλιόδοντας
752 1899 969 1972 φαῖνον,
999 1894 1168 1971 οὐρὴν
1197 1896 1368 1955 ἵππου
1394 1896 1487 1954 καὶ
1514 1893 1723 1972 φωνήν·
1752 1896 1925 1977 μέγα-

331 1982 442 2051 θος,
486 1980 627 2044 ὅσον
666 2009 727 2042 τε
767 1986 911 2060 βοῦς
945 1982 976 2044 ὅ
1012 1985 1301 2065 μέγιστος·
1341 1983 1409 2043 τὰ
1451 1983 1625 2061 δέρμα
1666 1982 1713 2042 δ’
1753 1982 1925 2045 αὐτοῦ

328 2069 466 2131 οὕτω
502 2070 572 2147 δή
605 2097 660 2132 τι
694 2072 849 2153 παχύ
882 2077 1022 2143 ἐστι,
1052 2071 1199 2133 ὥστε
1232 2069 1367 2131 αὔου
1396 2071 1716 2151 γενομένου,
1745 2071 1926 2141 ξυστά

232 2160 308 2217 72
326 2160 617 2221 ποιέεσθαι
637 2160 864 2222 α’κόντια
885 2161 946 2231 ἐξ
971 2158 1161 2221 αὐτοῦ.
1220 2162 1475 2219 Γίνονται
1495 2158 1555 2218 δὲ
1576 2159 1669 2218 καὶ
1689 2158 1925 2237 ἐνύδριες

327 2250 387 2306 ἐν
409 2251 487 2327 τῷ
509 2252 758 2327 ποταμῷ,
785 2249 886 2312 τὰς
915 2248 1033 2325 ἲροὶς
1058 2247 1295 2329 ἥγηνται
1321 2247 1477 2306 εἶναι.
1546 2247 1839 2323 νομίζουσι
1863 2247 1924 2307 δὲ

326 2335 418 2392 καὶ
442 2339 553 2395 τῶν
581 2336 783 2414 ἰχθύων
808 2336 907 2397 τόν
932 2336 1271 2413 καλεύμενον
1296 2334 1602 2395 λεπιδωτόν
1624 2334 1743 2412 ἶρόν
1764 2335 1922 2407 εἶναι,

326 2421 417 2478 καὶ
442 2421 544 2496 τὴν
571 2420 822 2501 ἔγχελυν.
886 2423 1036 2500 ἱρούς
1061 2424 1120 2483 δὲ
1146 2422 1376 2488 τούτους
1400 2426 1501 2483 τοῦ
1527 2424 1743 2483 Νείλου
1770 2426 1921 2500 φασὶ

325 2507 484 2567 εἶναι·
525 2510 618 2568 καὶ
642 2513 751 2570 τῶν
777 2510 1008 2587 ὀρνίθων
1031 2512 1162 2576 τούς
1186 2511 1606 2592 χηναλώπεκας.

231 2595 308 2657 '73
395 2594 568 2657 Ἔστι
599 2596 659 2656 δὲ
692 2600 783 2658 καὶ
815 2598 992 2663 ἄλλος
1024 2598 1173 2678 ὅρνις
1206 2599 1338 2677 ἷρός,
1364 2604 1442 2679 τῷ
1470 2598 1681 2676 οὕνομα
1710 2600 1921 2675 φοῖνιξ·

324 2684 432 2767 ἐγὼ
457 2686 561 2763 μέν
585 2713 682 2764 μιν
709 2686 807 2748 οὐκ
837 2688 982 2749 εἶδον
1009 2693 1056 2749 εἰ
1080 2688 1162 2768 μὴ
1192 2687 1333 2748 ὅσον
1356 2692 1575 2770 γραφῇ·
1608 2688 1701 2747 καὶ
1724 2688 1836 2769 γὰρ
1852 2688 1923 2765 δὴ

325 2775 417 2833 καὶ
449 2775 685 2839 σπάνιος
718 2780 984 2857 ἐπιφοιτᾷ
1016 2784 1145 2854 σφι,
1175 2775 1267 2836 διὰ
1302 2777 1463 2837 ἐτέων
1488 2776 1585 2856 (ὥς
1614 2775 1922 2836 Ἡλιουπο-

323 2864 478 2922 λῖται
516 2864 774 2945 λέγουσι)
801 2865 1199 2925 πεντακοσίων·
1243 2868 1448 2939 φοιτᾶν
1489 2863 1549 2923 δὲ
1586 2863 1717 2924 τότε
1751 2866 1921 2939 φασὶ,

325 2950 490 3009 ἐπεάν
531 2954 585 3010 οἱ
623 2951 878 3030 ἀποθάνῃ
909 2951 941 3012 ὅ
973 2951 1180 3027 πατήρ.
1250 2952 1371 3010 ἔστι
1412 2952 1488 3021 δὲ,
1523 2956 1572 3011 εἰ
1609 2955 1682 3030 τῇ
1720 2956 1923 3032 γραφῇ

323 3037 644 3114 παρόμοιος,
670 3040 917 3099 τοσόσδε
952 3040 1044 3098 καὶ
1075 3038 1318 3098 τοιόσδε·
1359 3038 1432 3099 τά
1462 3041 1566 3115 μὲν
1593 3039 1761 3100 αὐτοῦ
1787 3066 1921 3119 χρυ-

323 3122 546 3198 σόκομα
577 3129 687 3184 τῶν
717 3129 949 3202 πτερῶν,
981 3124 1054 3185 τά
1093 3125 1155 3183 δὲ
1194 3125 1415 3202 ἐρυθρά·
1459 3131 1514 3189 ἐς
1550 3126 1625 3185 τοὶ
1662 3127 1924 3205 μάλιστα

324 3208 483 3284 αἰετῷ
507 3211 840 3291 περιήγησιν
875 3212 1219 3289 ὁμοιότατος,
1248 3213 1340 3271 καὶ
1370 3212 1439 3273 τὸ
1465 3214 1732 3294 μέγαθος.
1794 3219 1923 3275 τοῦ-

319 3313 419 3349 τον
443 3290 503 3350 δὲ
532 3297 767 3376 λέγουσι
790 3298 1157 3378 μηχανᾶσθαι
1180 3298 1328 3369 τάδε,
1357 3301 1483 3375 ἐμοὶ
1514 3304 1619 3377 μὲν
1646 3300 1711 3362 οὗ
1736 3302 1923 3364 πιστά
