2250 3500
306 106 523 171 12--15J
886 109 1342 160 ΜΕΛΠΟΜΕΝΗ.
1814 115 1910 161 285

305 185 617 261 κοννήσιος,
665 186 867 247 ποιέων
918 188 1068 258 ἔπεα,
1117 187 1420 249 ἀπικέσθαι
1471 194 1528 253 ἐς
1576 188 1912 267 Ἰσσηδόνας

304 273 747 351 φοιβόλαμπτος
770 274 1086 355 γενόμενος·
1128 274 1468 351 Ἰσσηδόνων
1489 278 1548 336 δὲ
1573 277 1912 354 ὑπεροικέειν

302 356 707 438 Ἀριμασποῧς,
746 360 947 437 ἄνδρας
974 363 1469 439 μουνοφθάλμους,
1499 364 1640 441 ὖπέρ
1683 365 1745 424 δὲ
1786 365 1910 425 τού-

302 473 416 508 των
466 448 596 511 τούς
634 448 1080 527 χρυσοφύλακας
1125 450 1367 526 Γρύπας,
1408 450 1615 511 τούτων
1654 451 1729 521 δὲ,
1780 453 1912 517 τούς

304 529 731 613 Ὑπερβορέους,
768 536 1106 612 κατήκοντας
1147 539 1239 598 ἐπὶ
1281 538 1602 599 θάλασσαν.
1683 540 1911 606 τούτους

306 622 381 684 ὦν
396 624 607 687 πάντας
624 623 779 700 πλὴν
792 623 1202 702 Ὑπερβορέων,
1226 624 1508 702 ἀρξάντων
1525 624 1910 703 Ἀριμασπῶν,

304 712 415 769 αἰεὶ
448 715 603 771 τοῖσι
636 713 1093 791 πλησιοχώροισι
1130 714 1498 775 ἐπιτίθεσθαι·
1541 715 1634 773 καὶ
1665 714 1775 773 ovd
1810 719 1914 791 μὲν

305 797 677 875 Ἀριμασπῶν
720 800 1050 869 ἐξωθέεσθαι
1091 806 1152 860 ἐκ
1201 805 1305 877 τῆς
1341 801 1526 880 χώρης
1564 800 1913 878 Ἰσσηδόνας,

306 884 417 945 ὖπὸ
446 886 505 945 δὲ
529 886 871 964 Ἰσσηδόνων
906 888 1140 959 Σκύθας,
1172 889 1516 966 Κιμμερίους
1552 889 1612 948 δὲ
1637 890 1914 954 οἰκέοντας

308 973 401 1033 ε’πὶ
450 979 523 1052 τῇ
578 977 734 1054 νοτίῃ
778 975 1051 1055 θαλάσσῃ
1103 975 1235 1039 ὖπό.
1260 978 1516 1040 Σκυθέων
1558 979 1912 1055 πιεζομένους

308 1061 583 1122 ἐκλείπειν
609 1061 713 1138 τήν
738 1062 942 1142 χώρην.
1028 1062 1170 1123 οὕτω
1203 1062 1328 1124 ούδὲ
1367 1062 1529 1128 οὗτος
1563 1066 1912 1142 συμφέρεται

305 1149 435 1226 περὶ
462 1153 562 1225 τῆς
588 1151 772 1230 χώρης
796 1150 998 1227 ταύτης
1033 1151 1304 1231 Σκύθῃσι.
1389 1154 1503 1211 Καὶ
1536 1152 1665 1214 ὅθεν
1689 1156 1792 1230 μὲν
1818 1155 1912 1229 ἔην
1932 1156 2005 1214 14

305 1235 606 1313 Ἀριστέης
646 1265 678 1297 ο
719 1265 895 1298 ταυτα
946 1238 1205 1315 ποιήσας,
1263 1240 1492 1317 εἴρηται·
1544 1240 1644 1301 τὸν
1682 1242 1742 1300 δὲ
1781 1243 1910 1318 περὶ

306 1323 477 1385 αὐτοῦ
528 1325 730 1400 ἤκουον
782 1325 958 1407 λόγον
999 1333 1057 1387 ἐν
1109 1327 1491 1405 Προκοννήσῳ
1532 1353 1626 1385 και
1672 1330 1910 1406 Κυζίκῳ,

305 1413 469 1481 λέξω·
536 1412 835 1489 Ἀριστέην
885 1414 996 1495 γὰρ
1049 1416 1303 1495 λέγουσι,
1361 1414 1522 1474 ε’όντα
1565 1419 1677 1474 τῶν
1723 1414 1912 1474 οἰστῶν

308 1500 529 1563 οὐδενός
552 1501 713 1582 γένος
745 1501 1164 1579 ὖποδεέστερον,
1199 1500 1506 1563 ἐσελθόντα
1544 1507 1599 1565 ἐς
1637 1501 1910 1577 κναφήϊον

308 1592 367 1648 ἐν
408 1589 787 1667 Προκοννήσῳ
830 1588 1151 1650 ἀποθανεῖν·
1222 1590 1313 1647 καὶ
1353 1588 1452 1649 τόν
1493 1590 1708 1665 κναφέα
1748 1614 1912 1648 κατα-
1965 1582 1984 1599 ’

306 1676 649 1766 κληίσαντα
676 1676 743 1737 τό
807 1676 1192 1787 ἐργαστήριον,
1256 1676 1514 1758 οἴχεσθαι
1570 1676 1912 1760 ἀγγελέοντα

304 1767 460 1823 τοῖσι
504 1765 860 1841 προσήκουσι
901 1771 979 1845 τῷ
1016 1771 1206 1846 νεκρῷ·
1251 1766 1661 1844 ἐσκεδασμένου
1703 1765 1762 1825 δὲ
1799 1764 1910 1842 ἤδη

306 1855 410 1911 τοῦ
437 1851 746 1933 λόγουάνᾶ
772 1852 877 1928 τήν
894 1826 1127 1916 πόλινε
1085 1881 1157 1917 ως
1183 1853 1412 1917 τεθνεως
1440 1855 1522 1930 εἴη
1545 1882 1576 1914 ο
1602 1851 1909 1930 Ἀριστέης,

308 1945 365 2003 ἐς
416 1935 822 2017 ἀμφισβασίας
873 1946 1027 2001 τοῖσι
1087 1943 1325 2022 λέγουσι
1377 1940 1681 2001 ἀπικέσθαι
1737 1941 1912 2017 ἄνδρα

309 2027 619 2105 Κυζικηνὸν
656 2028 863 2105 ἥκοντα
907 2030 969 2098 ἐξ
999 2029 1276 2105 Ἀρτάκης
1309 2027 1524 2096 πόλιος,
1558 2027 1746 2103 φάντα
1782 2053 1911 2085 συν-

310 2121 501 2195 τυχεῖν
525 2116 592 2176 τέ
624 2119 677 2176 οἰ
712 2117 849 2176 ἰόντι
886 2117 977 2176 ἐπὶ
1010 2116 1254 2186 Κυζίκου
1291 2115 1384 2174 καὶ
1411 2119 1466 2177 ἐς
1490 2114 1696 2194 λόγους
1721 2113 1908 2172 οἷπικέ·

309 2205 465 2264 σθαι·
534 2205 627 2262 καὶ
679 2208 877 2263 τοῦτον
915 2206 1019 2281 μὲν
1059 2202 1423 2280 ἐντεταμένως
1475 2199 1908 2277 οἷμφισβητέειν·

307 2290 437 2354 τοῦς
487 2291 547 2350 δὲ
597 2291 986 2368 προσήκοντας
1037 2295 1113 2370 τῷ
1159 2293 1330 2372 νεκρῷ
1376 2289 1467 2350 ε’πὶ
1510 2287 1576 2348 τό
1625 2286 1898 2364 κναφήῖον

306 2383 563 2455 παρεῖναι
596 2381 825 2458 ἔχοντας
853 2379 926 2438 ταῗ
962 2378 1288 2456 πρόσφορα,
1320 2377 1390 2441 ὥς
1422 2375 1909 2456 ἀναιρησομένους·

310 2467 665 2546 ἀνοιχθέντος
706 2467 765 2528 δὲ
804 2471 906 2527 τοῦ
946 2467 1262 2543 οἰκήματος,
1307 2467 1434 2527 οὔτε
1472 2467 1744 2526 τεθνεῶτα
1786 2465 1914 2524 οὔτε

308 2555 487 2625 ζῶντα
529 2555 831 2629 φαίνεσθαι
869 2555 1186 2632 Ἀριστέην·
1237 2554 1380 2633 μετᾶ,
1418 2556 1494 2624 δὲ,
1538 2553 1762 2632 ἑβδόμῳ
1800 2553 1908 2612 ἔτεϊ

309 2642 557 2719 φανέντα
574 2641 742 2702 αὐτὸν
760 2647 815 2720 ἐς
830 2642 1234 2720 Προκόννησον
1253 2647 1489 2717 ποιῆσαι
1503 2641 1575 2700 τοὶ
1593 2642 1726 2698 ἔπεα
1739 2643 1912 2698 ταῦτα

306 2729 380 2789 τοὶ
418 2734 517 2790 νῦν
546 2729 639 2789 ὕπ’
676 2730 968 2806 Ἑλλήνων
1006 2729 1366 2807 Ἀριμάσπεα
1409 2727 1685 2786 καλέεται·
1752 2725 1911 2800 ποιή-

308 2843 491 2877 σαντα
524 2817 583 2876 δὲ
622 2817 1007 2893 ἀφανισθῆναι
1040 2844 1106 2877 το
1143 2815 1415 2891 δεύτερον.
1497 2817 1674 2873 ταῦτα
1710 2813 1814 2889 μὲν
1855 2814 1914 2870 αἱ

307 2904 503 2967 πόλιες
529 2930 693 2964 αυται
719 2907 974 2986 λέγουσι.
1030 2903 1176 2962 Ταδε
1202 2902 1262 2960 δὲ
1289 2901 1413 2960 οἶδα
1439 2899 1913 2960 Μεταποντίνοισι
1934 2901 2007 2958 15

306 2995 461 3052 τοῖσι
499 2997 557 3051 ἐν
586 2990 801 3071 Ἰταλίῃ
836 2991 1272 3072 συγκυρήσαντα
1312 3013 1456 3062 μετα
1494 3012 1600 3063 την
1642 2984 1916 3062 ἀφάνισιν

307 3105 414 3154 την
442 3079 701 3156 δευτέρην
724 3079 996 3156 Ἀ’ριστέω
1032 3080 1182 3138 ἔτεσι
1207 3074 1623 3153 τεσσεράκοντα
1650 3073 1742 3132 καὶ
1766 3097 1916 3150 τριη-

310 3166 576 3236 κοσίοισι,
623 3167 693 3229 ὦς
742 3167 849 3247 ε’γω
895 3164 1374 3242 συμβαλλόμενος
1422 3168 1481 3222 ἐν
1537 3160 1916 3240 Προκοννήσῳ

308 3278 373 3312 τε
422 3255 514 3311 καὶ
563 3255 933 3332 Μεταποντίῳ
982 3253 1255 3330 εὕρισκον·
1310 3249 1725 3310 Μεταποντῖνοί
1767 3254 1915 3316 φασι
