2250 3500
320 132 540 199 56-62]
910 129 1365 184 ΜΕΔΠΟΜΕΝΗ.
1824 130 1918 184 303

320 214 477 278 θίους
509 209 685 279 πόδας
719 212 939 291 ἔστηκε·
981 213 1015 272 ὅ
1043 213 1102 272 δὲ
1130 213 1289 284 θύων,
1317 212 1522 274 ὄπισθε
1556 215 1657 274 τοῦ
1700 211 1926 289 κτήνεος

320 301 539 372 ἐστεῶς,
594 300 827 366 σπάσας
884 299 990 377 τῆν
1048 299 1228 379 ἀρχὴν
1284 305 1387 362 τοῦ
1449 301 1708 378 στρόφου
1761 326 1924 362 κατα-

319 391 538 466 βάλλει
578 415 693 467 μιν·
735 391 1035 452 πίπτοντος
1070 389 1132 448 δὲ
1160 392 1260 448 τοῦ
1301 389 1493 464 ἱρηίου,
1525 390 1803 449 ἐπικαλέει
1826 388 1926 450 τᾶν

320 479 453 540 θεὸν
486 482 565 556 τῷ
600 476 669 539 ἂν
700 477 827 556 θύῃ·
883 478 975 537 καὶ
1010 478 1199 536 ἔπειτα
1237 475 1436 554 βρόχῳ
1471 476 1601 552 περὶ
1638 475 1710 536 ὧν
1747 477 1925 552 ἔβαλε

316 565 420 626 τόν
464 565 691 646 αὐχένα·
758 564 1072 625 σκυταλίδα
1118 564 1180 623 δὲ
1221 563 1491 639 ἐμβαλῶν
1535 561 1788 644 περιάγει
1831 565 1924 623 καὶ

318 651 635 734 ἀποπνίγει,
664 651 791 714 οὔτε
820 656 933 728 πῦρ
971 649 1308 722 ἀνακαύσας,
1336 649 1463 711 οὔτε
1500 650 1924 727 καταρξάμενος,

322 739 438 800 οὔτ’
481 741 833 804 ἐπισπείσας·
876 739 1187 810 ἀποπνίξας
1222 739 1283 798 δὲ
1330 739 1423 798 καὶ
1463 738 1760 817 ἀποδείρας
1795 739 1926 815 τρά-

319 853 485 890 πεται
508 828 651 907 πρός
691 829 913 906 ἕψησιν·
954 831 1069 903 Τῆς
1098 827 1160 886 δὲ
1183 829 1290 908 γῆς
1317 830 1420 903 τῆς
1458 827 1734 902 Σκυθικῆς
1763 829 1925 890 αἰνῶς
1943 828 2014 888 61

322 915 533 986 ἀξύλου
574 915 793 992 ἐούσης,
835 913 940 974 ὧδέ
978 921 1091 991 σφι
1129 920 1189 978 ἐς
1225 913 1330 990 τῆν
1367 915 1574 992 ἕψησιν
1603 917 1715 974 τῶν
1755 918 1928 992 κρεῶν

322 1002 625 1080 ἐξεύρηται·
669 1002 838 1063 ἐπεάν
870 1001 1209 1080 ἀποδείρωσι
1235 1002 1320 1062 ’τά
1361 1003 1526 1080 ἷρήϊα,
1551 1007 1829 1084 γυμνοῦσι
1853 1002 1928 1063 τά

321 1089 497 1151 ὀστέα
534 1095 645 1152 τῶν
686 1094 877 1170 κρεῶν·
925 1090 1115 1151 ἔπειτα
1157 1089 1542 1167 ἐσβάλλουσι,
1579 1089 1651 1167 ἢν
1689 1093 1794 1168 μὲν
1833 1093 1926 1152 τύ-

318 1201 470 1258 χωσι
512 1180 731 1259 ἔχοντες
761 1180 1013 1256 λέβητας
1046 1178 1387 1259 ἐπιχωρίους,
1427 1179 1685 1256 μάλιστα
1725 1179 1937 1256 Λεσβί-

322 1287 447 1328 οισι
493 1271 768 1345 κρητῆρσι
818 1266 1222 1344 προσεικέλους
1272 1266 1440 1346 χωρὶς
1493 1264 1531 1341 ἢ
1585 1264 1674 1324 ὅτι
1723 1269 1924 1345 πολλῷ

318 1354 569 1430 μέζονας,
592 1360 650 1418 ἐς
671 1354 901 1416 τούτους
921 1353 1325 1430 ἐσβάλλοντες,
1349 1354 1551 1430 ἕψουσι
1569 1350 1928 1416 ῦποκαίοντες

320 1440 395 1501 τοὶ
418 1441 595 1505 ὄστέα
616 1445 731 1503 τῶν
766 1441 975 1518 ἶρηΐων·
1016 1438 1085 1517 ἢν
1118 1440 1180 1500 δὲ
1208 1439 1290 1517 μή
1318 1446 1433 1515 σφι
1467 1443 1624 1517 παρῇ
1649 1439 1844 1515 λέβης,
1872 1442 1928 1500 οἶ

322 1528 385 1588 δὲ
408 1535 465 1594 ἐς
487 1528 589 1593 ’τὰς
612 1530 893 1610 γαστέρας
917 1533 1027 1590 τῶν
1054 1528 1244 1606 ἶρηΐων
1263 1526 1670 1603 ,ἐσβάλλοντες
1693 1524 1766 1585 τοὶ
1795 1527 1928 1603 κρέα

322 1615 508 1678 πάντα
536 1617 630 1676 καὶ
653 1616 1067 1694 παραμίξαντες
1092 1615 1254 1692 ὕδωρ,
1273 1614 1610 1675 ὕποκαίουσι
1635 1613 1708 1673 τοὶ
1732 1611 1926 1674 ὀστέα·

322 1703 395 1765 τά
438 1703 501 1765 δὲ
538 1704 755 1765 αἴθεται
796 1697 1101 1765 κάλλιστα·
1144 1706 1204 1765 αἱ
1245 1704 1306 1764 δὲ
1327 1693 1612 1786 ’γαστέρες
1651 1703 1929 1781 χωρέουσι

325 1793 590 1857 εὐπετέως
620 1791 693 1853 τά
724 1792 860 1871 κρέα
894 1792 1212 1873 ἐψιλωμένα
1242 1796 1354 1853 τῶν
1390 1792 1618 1853 ὀστέων·
1662 1791 1755 1850 καὶ
1787 1790 1929 1852 οὕτω

322 1883 469 1957 βοῦς
518 1906 582 1942 τε
622 1880 823 1943 ἐωυτὸν
873 1880 1073 1959 ἐξέψει,
1115 1881 1209 1939 καὶ
1246 1880 1320 1940 τοὶ
1371 1880 1528 1939 ἄλλα
1570 1878 1722 1955 ῖρήϊα
1762 1879 1930 1940 ἐωυτό

327 1966 583 2031 ἕκαστον·
652 1966 821 2029 ἐπεοὶν
872 1967 934 2028 δὲ
988 1969 1172 2047 ἑψηθῇ
1221 1966 1296 2027 τοὶ
1337 1969 1486 2043 κρέα,
1529 1966 1562 2025 ὁ
1603 1965 1782 2029 θύσας
1818 1970 1932 2027 τῶν

326 2060 499 2135 κρεῶν
526 2056 619 2115 καὶ
643 2060 753 2116 τῶν
784 2053 1134 2135 σπλάγχνων
1161 2053 1548 2130 ἀπαρξάμενος
1572 2053 1755 2128 ῥίπτει
1783 2057 1838 2115 ἐς
1862 2053 1930 2112 ‘ro‘

326 2145 664 2223 ἔμπροσθεν.
746 2142 949 2203 θύουσι
987 2142 1049 2202 δὲ
1087 2140 1182 2200 καὶ
1217 2139 1290 2200 τοὶ
1337 2140 1492 2200 ἄλλα
1529 2137 1800 2217 πρόβατα
1839 2140 1930 2199 καὶ

329 2232 533 2296 ἵππους
553 2230 831 2309 μάλιστα.

406 2322 575 2381 Τοῖσι
600 2321 705 2395 μὲν
729 2318 799 2394 δὴ
836 2316 1071 2378 ἄλλοισι
1104 2320 1216 2377 τῶν
1257 2316 1398 2377 θεῶν
1425 2315 1568 2375 οὕτω
1607 2313 1808 2376 θύουσι
1840 2314 1932 2375 καὶ
1951 2317 2028 2376 62

325 2409 509 2469 ταῦτα
530 2410 643 2467 τῶν
663 2406 918 2482 κτηνέων,
936 2410 1015 2483 τῷ
1040 2405 1100 2465 δὲ
1127 2404 1195 2479 δὴ
1211 2402 1382 2480 Ἀρηϊ
1412 2400 1534 2463 ὦδε·
1570 2402 1712 2462 κατὰ
1728 2402 1934 2481 νομοῦς

329 2493 625 2555 ἑκάστοισι
662 2496 775 2554 τῶν
812 2490 1058 2572 ἀρχηΐων
1098 2491 1386 2569 ἐσίδρυταί
1420 2496 1534 2567 σφι
1562 2489 1774 2568 Ἀρηος
1813 2490 1934 2569 ἲρόν

328 2580 563 2642 τοιόνδε·
604 2580 905 2662 φρυγάνων
935 2578 1180 2655 φάκελοι
1211 2578 1571 2640 συννενέαται
1597 2577 1736 2639 ὅσον
1763 2578 1812 2637 τ’
1841 2578 1932 2637 ἐπὶ

327 2668 593 2733 σταδίους
630 2672 780 2746 τρεῖς
815 2669 995 2744 μῆκος
1034 2667 1128 2727 καὶ
1167 2664 1341 2743 εὖρος,
1377 2664 1518 2743 ὕψος
1557 2664 1618 2722 δὲ
1661 2666 1930 2724 ἔλασσον·

328 2755 455 2816 ἅνωγ
480 2756 543 2815 δὲ
578 2755 797 2827 τούτου,
837 2752 1182 2836 τετράγωνον
1220 2750 1426 2811 ἄπεδον
1469 2750 1786 2825 πεποίηται·
1842 2750 1934 2808 καὶ

328 2842 403 2904 τὰ
426 2844 533 2919 μὲν
555 2843 685 2921 τρία
708 2846 821 2902 τῶν
846 2840 1039 2901 κώλων
1064 2839 1190 2899 ἐστὶ
1217 2837 1494 2914 ἀπότομα,
1513 2836 1654 2895 κατὰ
1679 2836 1738 2895 δὲ
1762 2836 1829 2896 τό
1858 2836 1932 2908 ἐν,

332 2930 625 3007 ἐπιβατόν·
668 2930 815 2993 ἔτεος
847 2928 909 2988 δὲ
934 2925 1174 2987 ἑκάστου
1214 2922 1432 3001 ἀμάξας
1468 2924 1814 2999 πεντήκοντα
1841 2925 1934 2983 καὶ

332 3016 529 3077 ἐκατόν
556 3016 849 3075 ἐπινέουσι,
862 3012 1178 3096 φρυγάνων·
1219 3012 1548 3071 ῦπονοστέει
1578 3010 1692 3091 γὰρ
1733 3010 1800 3087 δὴ
1829 3011 1937 3070 αἰεὶ

328 3104 443 3165 ’6πό
469 3108 581 3163 τῶν
605 3101 917 3183 χειμώνων.’
986 3101 1081 3161 ἐπὶ
1104 3098 1305 3160 τούτου
1334 3098 1400 3174 δὴ
1426 3102 1526 3159 τοῦ
1553 3097 1724 3178 ὄγκου
1750 3097 1934 3157 ἀκινά-

332 3216 433 3268 κης
475 3190 733 3267 σιδήρεος
776 3190 989 3266 ἵδρυται
1026 3187 1260 3265 ἀρχαῖος
1308 3186 1615 3258 ἑκάστοισι,
1653 3186 1746 3245 καὶ
1784 3184 1935 3247 τοῦτ’

331 3278 459 3339 ἔστι
495 3282 597 3337 τοῦ
626 3276 840 3354 Ἀρηος
868 3275 937 3336 τό
979 3274 1233 3357 ἄγαλμα·
1271 3274 1450 3355 τούτῳ
1480 3272 1541 3335 δὲ
1577 3277 1657 3353 τῷ
1689 3272 1936 3336 ἀκινάκεῖ
