2250 3500
337 120 404 168 86
707 181 712 186 ,
962 119 1330 169 mmmmm·
1869 120 1939 186 [Ι.

340 201 530 275 Κᾶρες
553 195 958 274 ἀποδεξάμενοι
983 195 1143 259 οὐδὲν
1168 197 1295 259 οὔτε
1329 196 1461 259 ὅσοι
1492 197 1783 274 Ἑλλήνων
1811 199 1944 260 ταύ-

264 323 270 329 -
327 310 440 361 ,την
469 283 575 359 τήν
606 283 796 363 χώρην
831 285 1089 346 οἰκέουσι.
1176 286 1422 346 οἰκέουσι
1447 285 1507 346 δὲ
1534 287 1625 346 καὶ
1650 283 1823 347 ἄλλοι
1848 288 1943 346 καὶ

334 371 781 450 Λακεδαιμονίων
810 369 1034 433 ἄποικοι
1066 372 1301 444 Κνίδιοι,
1326 376 1428 448 τῆς
1456 372 1641 452 χώρης
1673 377 1776 450 τῆς
1798 382 1943 451 σφε-

336 461 498 538 τέρης
536 450 912 544 τετραμμένης
954 465 1011 524 ε’ς
1051 459 1275 531 πόντον,
1317 459 1597 541 ἀργμένης
1638 461 1698 520 δὲ
1742 466 1803 520 ἐκ
1840 466 1943 539 τῆς

335 546 689 627 χερσονήσου
713 550 815 624 τῆς
830 549 1171 625 Βυβασσίης
1194 546 1261 607 τό
1288 546 1357 622 δὴ
1376 546 1643 624 Τριόπιον
1662 549 1940 621 καλέεται,

337 634 538 712 εὀύσης
564 660 627 696 τε
656 635 846 712 πάσης
877 633 1000 716 [τῆς
1031 632 1305 716 Κνιδίης,]
1339 634 1494 710 πλὴν
1518 635 1717 718 ὀλίγης
1754 662 1943 715 περιρ-

333 722 487 801 ρόου·
521 723 617 806 (τὰ
638 726 742 802 μὲν
766 722 878 805 γοὶρ
901 722 1070 799 αύτῆς
1095 721 1236 799 πρός
1259 725 1446 800 βορῆν
1470 722 1674 801 ἄνεμον
1699 722 1732 784 ὅ
1759 729 1941 802 Κερα-

338 809 531 890 μεικός
570 811 784 874 κόλπος
823 809 1069 891 ἀπέργει,
1110 809 1183 870 τοὶ
1231 809 1292 869 δὲ
1336 809 1476 888 πρὸς
1515 810 1678 872 νότον
1715 811 1755 888 ἦ
1798 812 1943 874 κατὰ

336 898 529 976 Σύμην
567 924 629 958 τε
671 898 765 957 καὶ
803 896 999 960 Ῥόδον
1039 896 1359 978 θάλασσα’)
1405 896 1473 958 τό
1516 897 1590 959 ὧν
1633 897 1702 974 δὴ
1742 897 1943 982 ὀλίγον

334 990 517 1056 τοῦτο,
561 984 652 1046 ε’ὂν
695 983 834 1045 ὅσον
873 1010 936 1046 τε
977 985 1070 1046 ε’πὶ
1109 986 1277 1046 πέντε
1318 983 1538 1056 στάδια,
1583 985 1843 1065 ὤρυσσον
1884 991 1941 1048 οἶ

335 1073 556 1132 Κνίδιοι
584 1078 642 1132 ἐν
673 1072 790 1152 ὅσῳ
809 1072 1104 1156 ’Ἅρπαγος
1133 1073 1237 1150 τήν
1268 1071 1481 1150 Ἰωνίην
1506 1075 1939 1153 κατεστρέφετο,

333 1159 679 1238 βουλόμενοι
697 1166 874 1237 νῆσον
891 1160 994 1238 τὴν
1012 1160 1202 1241 χώρην
1226 1166 1484 1237 ποιῆσαι·
1519 1160 1672 1225 ἐντός
1692 1163 1751 1222 δὲ
1774 1164 1940 1224 πᾶσά

334 1255 449 1325 σφι
475 1249 704 1331 ἐγίνετο·
743 1252 817 1328 τῇ
839 1247 950 1331 γὰρ
984 1249 1024 1325 ἦ
1061 1248 1261 1325 Κνιδίη
1292 1247 1451 1328 χιόρη
1485 1253 1541 1313 ἐς
1572 1248 1677 1326 τήν
1707 1247 1940 1328 ἤπειρον

331 1340 584 1417 τελευτᾷ,
609 1335 784 1417 ταύτῃ
819 1335 851 1397 ὅ
889 1335 1091 1414 ἰσθμός
1129 1341 1253 1396 ε’στι
1285 1336 1385 1396 τόν
1418 1334 1696 1414 ὤρυσσον·
1738 1339 1831 1398 καὶ
1866 1338 1938 1416 δή

331 1428 527 1506 πολλῇ
562 1425 710 1505 χειρὶ
743 1425 1122 1507 ἐργαζομένων
1153 1428 1264 1485 τῶν
1290 1423 1545 1495 Κνιδίων,
1571 1427 1799 1501 μᾶλλον
1823 1426 1938 1507 γάρ

331 1538 389 1573 τι
423 1513 517 1573 καὶ
548 1511 827 1590 θειότερον
861 1513 1158 1589 ἐφαίνοντο
1189 1509 1599 1589 τιτρώσκεσθαι
1632 1515 1687 1572 οἱ
1712 1514 1938 1593 ἐργαζό-

330 1624 489 1677 μενοι
531 1604 631 1661 τοῦ
679 1597 894 1663 οἰκότος
932 1597 1006 1659 τοί
1053 1625 1118 1660 τε
1165 1597 1321 1658 ἄλλα
1368 1602 1470 1659 τοῦ
1531 1597 1793 1676 σώματος
1842 1603 1938 1662 καὶ

330 1687 588 1765 μάλιστα
624 1687 698 1747 τὰ
736 1687 866 1765 περὶ
903 1686 1033 1751 τούς
1070 1686 1407 1765 ὀφθαλμοῦς
1448 1688 1791 1767 θραυομένης
1833 1692 1937 1767 τῆς

329 1776 551 1853 πέτρης,
577 1777 825 1852 ἔπεμπον
852 1779 906 1838 ἐς
933 1775 1202 1851 Δελφοῦς
1224 1774 1571 1853 θεοπρόπους
1596 1780 1937 1854 ἐπερησομέ-

331 1889 458 1927 νους
479 1863 548 1924 τδ
567 1862 846 1933 ,α’ντίξοον·
884 1862 923 1940 ἦ
957 1863 1017 1923 δὲ
1045 1864 1233 1940 Πυθίη
1268 1870 1399 1940 σφι,
1428 1862 1501 1927 ὥς
1530 1862 1689 1924 αὖτοὶ
1715 1866 1937 1925 Κνίδιοι

330 1952 585 2033 λέγουσι,
611 1955 726 2032 χρᾷ
752 1955 811 2011 ἐν
834 1952 1107 2031 τριμέτρῳ
1130 1951 1273 2031 τόνῳ
1296 1951 1449 2011 τάδε·

633 2062 804 2114 Ἰσθμὸν
826 2062 872 2105 83
895 2060 954 2114 μὴ
986 2062 1205 2115 πυργοῦτε,
1230 2060 1325 2113 μήδ’
1349 2061 1571 2113 ὀρύσσετε·

635 2122 736 2167 Ζεὺς
762 2120 843 2175 γάρ
871 2120 910 2163 κ’
929 2121 1048 2172 ἔθηκε
1076 2121 1223 2173 νῆσον,
1250 2119 1290 2161 εἶ
1316 2120 1353 2161 κ’
1380 2120 1596 2171 ἐβούλετο.

329 2211 550 2273 Κνίδιοι
593 2213 712 2290 μὲν,
757 2216 934 2273 ταῦτα
974 2216 1077 2288 τῆς
1117 2211 1336 2287 Πυθίης
1372 2210 1689 2290 χρησάσης,
1729 2214 1834 2273 τοῦ
1870 2239 1935 2274 τε

329 2297 642 2380 ὀρύγματος
681 2299 1000 2359 ἐπαύσαντο
1040 2300 1135 2358 καὶ
1165 2297 1432 2381 Ἀρπιίγῳ
1473 2298 1683 2359 ἐπιόντι
1717 2297 1828 2359 σῦν
1856 2308 1936 2380 τῷ

238 2389 350 2447 175
369 2390 594 2465 στρατῷ
629 2385 881 2463 οἶμαχητί
907 2390 1092 2461 σφεας
1117 2383 1317 2456 auh-0135
1340 2386 1680 2463 παρέδοσαν.
1731 2384 1935 2449 ’Hc-av

331 2473 391 2531 δὲ
432 2472 726 2549 Πηδασέες
765 2476 1040 2535 οἰκοῦντες
1080 2471 1221 2550 ύπέρ
1259 2471 1718 2552 Ἀλικαρνησσοῦ
1760 2475 1933 2551 μεσό-

325 2584 510 2641 γαιαν·
565 2561 720 2619 τοῖσι
759 2559 897 2624 ὅκως
934 2584 992 2620 τι
1029 2558 1239 2637 μέλλοι
1280 2559 1637 2637 ἀνεπιτήδεον
1678 2562 1930 2632 ἔσεσθαι,

325 2646 555 2708 αὐτοῖσί
577 2672 641 2708 τε
672 2646 763 2706 καὶ
796 2652 952 2709 τοῖσι
985 2649 1335 2726 περιοίκοισι,
1369 2646 1409 2725 ἦ
1443 2650 1612 2727 ἶερείη
1642 2652 1744 2725 τῆς
1765 2648 1932 2726 Ἀθη-

325 2737 482 2813 ναίης
514 2735 752 2818 πώγωνα
780 2737 960 2818 μέγαν
992 2735 1163 2815 ἴσχει·
1204 2736 1325 2812 τρίς
1354 2741 1467 2811 σφι
1499 2738 1666 2797 τοῦτο
1693 2738 1931 2819 ἐγένετο·

325 2822 480 2886 οὗτοι
507 2828 619 2885 τῶν
656 2825 786 2903 περὶ
818 2823 1036 2902 Καρίην
1071 2824 1286 2901 ἀνδρῶν
1316 2822 1525 2900 μοῦνοί
1553 2849 1618 2884 τε
1654 2823 1934 2903 ἀντέσχον

322 2912 528 2991 χρόνον
564 2910 831 2993 Ἀρπάγῳ
871 2912 963 2971 καὶ
1001 2910 1308 2992 πρήγματα
1338 2911 1632 2991 παρέσχον
1664 2916 1931 2984 πλεῖστα,

323 2998 455 3077 ὅρος
476 3000 821 3077 τειχίσαντες
844 3003 921 3076 τῷ
947 2995 1158 3073 οὔνομά
1182 3002 1309 3057 ε’στι
1331 2998 1497 3072 Λίδη.

233 3086 346 3144 176
446 3086 742 3162 Πηδασέες
780 3086 885 3163 μέν
918 3109 1014 3145 νυν
1043 3082 1226 3162 χρόνῳ
1266 3084 1650 3160 ἐξαιρέθησαν.
1733 3086 1933 3148 Λύκιοι

329 3171 405 3241 δὲ,
448 3172 520 3235 ὥς
559 3178 615 3235 ἐς
652 3172 720 3233 τό
758 3171 1001 3235 Ξάνθιον
1024 3169 1218 3230 πεδίον
1246 3170 1433 3246 ἤλασε
1459 3172 1491 3232 ὅ
1512 3171 1812 3255 Ἀρπαγος
1831 3176 1935 3236 τᾶν

325 3256 586 3334 στρατόν,
609 3258 925 3328 ὑπεξιόντες
955 3256 1050 3315 καὶ
1078 3255 1391 3334 μαχόμενοι
1415 3256 1602 3340 ὀλίγοι
1626 3261 1768 3338 πρός
1790 3266 1933 3323 πολ-
