2250 3500
249 150 282 194 ⁶
841 147 1210 199 ἯΡοΔοτοϊ
1772 146 1843 212 [1.

249 221 387 288 ὅκως
430 221 472 300 ἤ
514 223 793 300 βασίλεια
837 225 1046 296 καλέοι,
1095 221 1319 302 φοιτᾶν·
1365 224 1438 289 ὥς
1481 223 1543 284 δὲ
1585 223 1621 286 ὅ
1665 222 1848 306 Γύγης

249 309 494 381 ἀπίκετο,
523 312 712 393 ἔλεγεν
749 311 788 388 ἤ
826 311 966 394 γυνὴ
1000 310 1152 372 τάδε·
1192 323 1231 348 “
1247 315 1345 373 νῦν
1377 338 1467 373 τοι
1506 312 1658 372 δυοῖν
1696 310 1849 372 ὄδοῖν

251 399 622 474 παρεουσέων,
649 398 821 481 Γύγη,
849 397 1042 477 δίδωμι
1066 399 1298 477 αἵρεσιν,
1321 399 1584 476 ὁκοτέρην
1607 398 1849 475 βούλεαι

251 485 586 562 τραπέσθαι·
626 483 664 561 ἢ
688 484 801 567 γοῖρ
827 485 1162 547 Κανδαύλεα
1184 485 1510 550 ἀποκτείνας
1540 486 1643 563 ἐμέ
1663 510 1726 546 τε
1756 485 1850 544 καὶ

251 570 358 646 τήν
389 572 704 648 βασιληίην
743 574 836 653 ἔχε
873 572 980 649 τήν
1008 573 1222 643 Λυδῶν,
1251 571 1289 649 ἢ
1330 572 1519 634 αὖτόν.
1542 574 1614 632 σὲ
1651 570 1851 631 αὐτίκα

253 657 398 718 οὕτω
431 658 805 736 ἀποθνήσκειν
834 659 937 720 δεῖ·
980 659 1052 724 ὥς
1084 659 1156 721 ἂν
1182 659 1281 738 μή,
1311 658 1495 721 πάντα
1523 657 1851 736 πειθόμενος

256 745 577 824 Κανδαύλῃ,
602 750 703 806 τοῦ
733 749 938 806 λοιποῦ
963 747 1084 824 ἴδῃς
1107 747 1181 806 τοὶ
1214 746 1297 824 μή
1321 773 1393 807 σε
1428 747 1529 807 δεῖ.
1568 744 1700 806 ἀλλ’
1722 743 1851 822 ἤτοι

257 831 438 893 κεῖνόν
460 859 529 914 γε
557 832 658 893 τόν
680 836 858 892 ταῦτα
880 831 1278 908 βουλεύσαντα
1302 833 1387 893 δεῖ
1408 833 1787 904 ἀπόλλυσθαι,
1811 831 1851 908 ἦ

257 921 329 978 σὲ
366 917 469 978 τὸν
508 920 607 994 ἐμὲ
649 917 866 1000 γυμνὴν
905 918 1262 995 θηησάμενον
1299 921 1393 978 καὶ
1430 919 1749 995 ποιήσαντα
1785 918 1851 978 ού

259 1002 641 1082 νομιζόμενα.”
681 1003 715 1064 ὁ
757 1004 816 1064 δὲ
854 1003 1038 1086 Γύγης
1074 1007 1210 1069 τέως
1246 1007 1351 1082 μὲν
1384 1004 1743 1080 ἀπεθῶυμαζε
1778 1003 1853 1064 τὰ

257 1090 554 1172 λεγόμενα·
593 1089 737 1168 μετὰ
773 1091 850 1162 δὲ,
889 1093 1092 1152 ἱκέτευε
1124 1091 1207 1171 μή
1239 1117 1337 1169 μιν
1370 1091 1645 1174 ἀναγκαίῃ
1682 1091 1853 1151 ἐνδεῖν

259 1177 531 1255 διακρῖναι
553 1177 815 1254 τοιαύτην
834 1177 1069 1256 αἵρεσιν·
1101 1177 1278 1239 σύκων
1296 1178 1365 1255 δή
1386 1178 1567 1239 ἔπειθε
1588 1176 1718 1236 ἀλλ’
1739 1175 1853 1254 ὥρα

259 1264 565 1345 ἀναγκαίην
614 1264 865 1341 ἀληθέως
911 1265 1296 1343 προκειμένην,
1339 1263 1379 1342 ἢ
1426 1264 1527 1326 τὸν
1576 1263 1853 1324 δεσπότεα

262 1349 580 1412 ἀπολλύναι
608 1349 648 1428 ἢ
678 1350 849 1413 αύτὸν
868 1351 963 1411 ὕπ’
993 1350 1187 1413 ἄλλων
1209 1352 1587 1420 ἀπόλλυσθαι,
1614 1351 1854 1428 αἱρέεται

262 1436 432 1502 αὖτός
462 1441 747 1515 περιεῖναι·
788 1438 1054 1516 ἐπειρώτα
1085 1439 1155 1516 δὴ
1186 1440 1367 1521 λέγων
1388 1437 1541 1499 ταδε·
1582 1442 1661 1474 “’
1634 1438 1758 1496 επεί
1779 1463 1853 1514 με

262 1522 586 1606 ἀναγκάζεις
609 1524 886 1586 δεσπότεα
903 1524 1005 1586 τόν
1029 1525 1165 1602 ἐμόν
1183 1527 1423 1595 κτείνειν,
1445 1523 1546 1584 οῦκ
1570 1524 1852 1594 ἐθέλοντα,

263 1611 404 1687 φέρε
438 1610 662 1672 ἀκούσω
691 1612 797 1691 τέω
833 1612 925 1671 καὶ
957 1613 1147 1691 τρόπῳ
1178 1602 1632 1691 ἐπιχειρήσομεν
1637 1609 1815 1687 αὐτῷ·
1798 1608 1853 1679 ,”

264 1697 305 1774 ἦ
337 1698 398 1758 δὲ
419 1697 804 1775 ύπολαβοῦσα
829 1700 954 1775 ἔφη,
988 1704 1069 1736 “’
1041 1726 1102 1759 εκ
1134 1702 1237 1760 τοῦ
1262 1697 1432 1760 αὐτοῦ
1455 1700 1559 1775 μὲν
1581 1697 1786 1777 χωρίου
1814 1695 1853 1774 ἦ

265 1784 415 1862 ὅρμή
441 1786 601 1845 ἔσται
626 1784 756 1847 ὅθεν
779 1810 886 1863 περ
914 1786 1004 1845 καὶ
1036 1791 1239 1851 ἐκεῖνος
1271 1776 1369 1863 ἐμὲ
1402 1785 1691 1855 ἐπεδέξατο
1715 1810 1855 1865 γυμ-

171 1874 248 1933 12
265 1871 384 1947 νήν·
435 1870 731 1951 ῦπνωμένω
777 1872 838 1932 δε
885 1871 926 1948 ἡ
978 1874 1321 1982 ἐπιχείρησις
1364 1873 1543 1933 ἔσται.
1542 1870 1575 1892 ”
1651 1870 1750 1935 Ὡς
1794 1871 1855 1931 δὲ

261 1956 513 2037 ἤρτυσαν
545 1958 651 2035 τήν
691 1959 1019 2035 ἐπιβουλὴν,
1056 1960 1254 2024 νυκτός
1288 1960 1594 2043 γινομένης,
1620 1956 1711 2039 (ού
1742 1956 1855 2038 γὰρ

262 2047 484 2122 μετίετο
503 2074 535 2107 ο
519 2044 757 2127 ΤύΥης,
779 2044 909 2108 ούδέ
931 2048 984 2107 οἶ
1007 2044 1079 2123 ἤν
1099 2046 1409 2128 ἀπαλλαγη
1430 2046 1673 2124 οὐδεμία,
1700 2043 1857 2104 ἀλλα

265 2131 438 2193 εδεε
403 2159 440 2210 η
460 2131 630 2195 αὗτὸν
655 2131 1060 2195 ἀπολωλέναι
1024 2160 1064 2211 η
1083 2132 1457 2214 Κανδαύλεα),
1479 2134 1665 2194 εἵπετο
1685 2136 1740 2195 ἐς
1756 2131 1858 2192 τᾶν

267 2220 524 2298 θάλαμον
538 2224 611 2299 τῇ
623 2221 860 2303 γυναικί·
886 2222 985 2281 καί
992 2246 1090 2299 μιν
1107 2222 1301 2298 ἐκείνη,
1319 2220 1646 2303 ἐγχειρίδιον
1661 2219 1855 2288 δοῦσα,

266 2307 632 2383 κατωρύπτει
655 2306 766 2366 υπό
791 2307 895 2383 τήν
919 2306 1092 2381 αὐτὴν
1117 2306 1309 2382 θύρην.
1375 2306 1469 2365 καὶ
1497 2304 1642 2381 μετοὶ
1663 2308 1855 2372 ταῦτα,

265 2391 684 2468 ἀναπαυομένου
701 2391 1056 2461 Κανδαύλεω,
1070 2390 1335 2455 ὖπεισδύς
1347 2400 1409 2450 τε
1424 2390 1516 2449 καὶ
1530 2389 1858 2453 ἀποκτείνας

268 2476 453 2547 αὐτὸν,
472 2478 608 2555 ἔσχε
626 2477 719 2537 καὶ
731 2477 835 2554 τήν
847 2480 1082 2559 γυναῖκα
1097 2476 1190 2536 καὶ
1207 2476 1310 2552 τήν
1324 2475 1640 2552 βασιληίην
1653 2475 1857 2556 Γύγης·

267 2566 391 2646 (τοῦ
410 2565 502 2624 καὶ
519 2563 860 2643 Ἀρχίλοχος
884 2563 918 2624 ὅ
939 2562 1169 2641 Πάριος,
1186 2563 1329 2625 κατοὶ
1345 2563 1446 2625 τὸν
1465 2561 1637 2625 αύτόν
1652 2562 1861 2642 χρόνον

179 2654 250 2712 13
265 2650 574 2732 γενόμενος,
612 2655 671 2711 ἐν
707 2650 896 2729 ἰάμβῳ
927 2651 1201 2729 τριμέτρῳ
1236 2648 1603 2730 ἐπεμνήσθη.)
1672 2648 1860 2729 Ἔσχε

268 2738 329 2799 δὲ
351 2737 458 2815 τὴν
479 2738 794 2815 βασιληΐην
819 2737 912 2797 καὶ
938 2736 1240 2815 ἐκρατύνθη
1267 2742 1328 2798 ἐκ
1357 2740 1459 2797 τοῦ
1484 2740 1544 2797 ἐν
1570 2739 1861 2813 Δελφοῖσι

266 2824 632 2904 χρηστηρίου·
676 2824 748 2889 ὥς
770 2824 883 2906 γὰρ
909 2824 978 2900 δὴ
1005 2826 1060 2885 οἱ
1083 2824 1259 2886 Λυδοὶ
1284 2822 1462 2885 δεινόν
1488 2827 1771 2885 ἐποιεῦντο
1792 2822 1861 2883 τὰ

270 2911 610 2973 Κανδαύλεω
638 2911 820 2976 πάθος
853 2912 946 2971 καὶ
980 2916 1038 2973 ἐν
1069 2910 1305 2973 ὅπλοισι
1332 2909 1500 2989 ἦσαν,
1532 2911 1865 2988 συνέβησαν

272 3003 329 3063 ἐς
357 2997 534 3061 τῶυτό
566 3000 627 3061 οἵ
654 3025 718 3061 τε
747 3002 848 3061 τοῦ
884 2998 1074 3081 Γύγεω
1107 3004 1423 3061 στασιῶται
1456 3000 1549 3061 καὶ
1579 3002 1635 3060 οἶ
1673 2998 1869 3063 λοιποὶ

270 3085 462 3157 Λυδοὶ,
487 3084 556 3163 ἦν
589 3090 693 3165 μὲν
717 3087 788 3164 δὴ
818 3086 886 3148 vd
916 3087 1263 3167 χρηστήριον
1289 3087 1463 3167 ἀνέλῃ
1492 3113 1589 3167 μιν
1612 3085 1869 3164 βασιλέα

273 3172 412 3235 εἶναι
435 3173 646 3244 Λυδῶν,
671 3175 771 3238 τόν
795 3175 855 3235 δὲ
879 3174 1227 3252 βασιλεύειν·
1256 3174 1329 3252 ἦν
1354 3176 1415 3237 δὲ
1438 3176 1537 3256 μή,
1562 3174 1869 3237 ἀποδοῦναι

271 3257 458 3322 ὀπίσω
489 3262 547 3325 ἐς
574 3259 943 3339 Ἡρακλείδας
980 3260 1088 3341 τὴν
1121 3262 1324 3343 ἀρχήν·
1365 3262 1556 3327 ἀνεῖλέ
1590 3287 1655 3324 τε
1690 3259 1759 3333 δή
1798 3256 1869 3322 τὰ
