2250 3500
348 130 504 195 2—6]
1020 133 1289 184 ΘΔΛΕῙΔ.
1853 135 1946 183 201

351 213 407 269 οἱ
426 209 626 285 Φάνης,
650 212 742 270 καὶ
766 210 993 291 γνώμην
1014 212 1197 276 ἱκανός
1223 213 1315 271 καὶ
1331 212 1404 273 τά
1423 214 1672 291 πολέμια
1693 210 1951 289 ἄλκιμος·

351 294 511 360 οὗτος
526 297 559 357 ὅ
576 298 761 374 Φάνης
778 299 1140 375 μεμφόμενός
1160 299 1260 359 κού
1277 325 1334 359 τι
1350 299 1580 376 Ἀμάσι,
1603 299 1950 377 ἐκδιδρήσκει

350 386 531 463 πλοίῳ
562 386 625 454 ἐξ
650 386 936 467 Αἰγύπτου
972 386 1324 463 βουλόμενος
1360 386 1656 465 Καμβύσ-’ῃ
1683 388 1866 447 ἐλθεῖν
1897 392 1954 450 ἐς

352 472 575 553 λόγους·
632 474 723 531 οἷα
770 473 831 531 δὲ
878 473 1039 533 ἐόντα
1085 472 1254 533 αυτόν
1303 480 1362 533 ἐν
1404 478 1560 534 τοῖσι
1609 474 1954 550 ἐπικούροισι

351 558 529 641 λόγου
566 559 630 619 οὗ
656 564 895 638 σμικροῦ
924 560 1296 637 ἐπιστάμενόν
1319 586 1383 621 τε
1415 586 1488 620 τα
1513 562 1641 637 περὶ
1667 562 1951 641 Αἶγιηττον

352 644 731 723 ἀτρεκέστατα
759 647 1150 724 μεταδιώκει“
1118 675 1150 707 ο
1180 647 1447 724 Ἀμασις,
1473 648 1736 757 σπουδην
1765 647 1949 707 ποιεύ-

352 759 517 810 μενος
540 738 704 794 ἑλεῖν·
740 735 1064 812 μεταδιώκει
1087 735 1166 805 δὲ,
1193 740 1304 796 τῶν
1332 734 1604 814 ευνούχων
1628 735 1727 795 τόν
1751 734 1949 795 πιστό-

353 846 520 882 τατον
553 822 897 885 aimo-remae
929 822 1142 899 τριήρεϊ
1177 823 1295 883 κατ’
1322 822 1508 884 αὐτόν·
1550 822 1612 887 ὃς
1647 823 1818 899 αἱρέει
1851 848 1950 898 μιν

357 912 415 967 ἐν
438 911 630 988 Λυκίῃ,
660 910 799 971 ἐλῶν
824 910 884 969 δὲ
916 910 1015 969 οὐκ
1051 909 1298 992 άνήγαγε
1329 917 1386 975 ἐς
1417 912 1719 992 Αἴγυπτον·
1761 911 1946 989 σοφίῃ

354 994 465 1075 γάρ
497 1022 594 1072 μιν
626 999 897 1076 περιῆλθε
933 998 965 1057 ὁ
1000 997 1204 1074 Φάνης·
1246 998 1640 1076 καταμεθύσας
1674 998 1788 1080 γάρ
1823 999 1953 1064 τούς

355 1082 641 1158 φυλάκους
675 1084 1088 1146 ἀπαλλάσσπο
1132 1091 1189 1149 ἐς
1229 1086 1476 1163 Πέρσας.
1547 1086 1851 1165 ὁρμημένῳ
1887 1086 1948 1147 δὲ

355 1171 761 1247 στρατεύεσθαι
788 1172 1085 1251 Καμβύσῃ
1111 1172 1195 1231 ἐπ’
1226 1174 1510 1255 Αἶγιητον
1537 1175 1632 1232 καὶ
1657 1172 1952 1250 ἀπορέοντι

352 1257 458 1333 τὴν
503 1260 716 1329 ἔλασιν,
764 1258 903 1324 ὅκως
946 1259 1050 1335 τήν
1096 1258 1332 1336 ἄνυδρον
1379 1260 1656 1339 διεκπερᾷ,
1700 1260 1951 1320 ἐπελθὼν

357 1345 558 1423 φράζει
612 1349 715 1423 μὲν
772 1349 865 1406 καὶ
924 1346 1113 1406 τᾶλλα
1181 1346 1254 1407 τά
1311 1345 1590 1424 Ἀμάσιος
1645 1346 1950 1428 πρήγματα

358 1434 637 1515 ἐξηγέεται
670 1432 731 1493 δὲ
772 1437 865 1495 καὶ
904 1434 1011 1510 τήν
1051 1436 1266 1505 ἔλασιν,
1306 1433 1409 1494 ὧδε
1441 1433 1768 1511 παραινέων·
1807 1434 1945 1509 πέμ·

357 1529 541 1597 ψαντα
593 1522 747 1600 παρά
800 1524 901 1583 τὸν
946 1521 1234 1600 Ἀραβίων
1283 1522 1540 1599 βασιλέα
1587 1521 1812 1581 δέεσθαι
1851 1521 1956 1597 τήν

357 1608 600 1677 διέξοδόν
642 1613 696 1669 οἶ
730 1609 1003 1687 ἀσφαλέα
1036 1613 1374 1690 παρασχεῖν.
1456 1608 1657 1687 Μούνῃ
1689 1608 1748 1669 δὲ
1783 1608 1956 1687 ταύτῃ
1971 1610 2008 1668 5

359 1696 469 1756 εἶσὶ
492 1699 731 1777 φανεραὶ
749 1699 997 1775 ἐσβολαὶ
1024 1702 1079 1762 ἐς
1099 1700 1405 1780 Αἴγυπτον·
1431 1696 1547 1759 dm?
1570 1696 1682 1780 γάρ
1701 1698 1958 1773 Φοινίκης

356 1785 523 1864 μέχρι
566 1787 741 1864 οὔρων
783 1791 893 1846 τῶν
941 1786 1217 1851 Καδύτιος
1257 1787 1472 1858 πόλιος,
1514 1785 1554 1863 ἢ
1598 1787 1720 1846 ἐστὶ
1768 1785 1957 1863 Σύρων

356 1877 466 1932 τῶν
505 1879 906 1934 Παλαιστινῶν
960 1876 1324 1951 καλεομένων·
1392 1874 1508 1934 dvo*
1549 1874 1608 1932 δὲ
1664 1872 1956 1942 Καδύτιος,

358 1959 561 2036 ἐούσης
598 1961 799 2025 πόλιος
828 1961 927 2044 (ὥς
967 1962 1093 2037 ἐμοὶ
1131 1962 1330 2040 δοκέει)
1371 1961 1616 2038 Σαρδίων
1655 1961 1720 2018 οὖ
1758 1963 1960 2038 πολλῷ

360 2047 691 2120 ἐλάσσονος,
712 2047 826 2109 α’πό
851 2048 1055 2124 ταύτης
1080 2048 1152 2108 τά
1182 2049 1420 2124 ἐμπόρια
1442 2048 1514 2107 τοὶ
1543 2049 1632 2106 ἐπὶ
1661 2047 1959 2120 θαλάσσης

359 2136 525 2214 μέχρι
564 2135 822 2212 Ἰηνύσου
860 2135 1061 2198 πόλιός
1107 2140 1232 2194 ἐστι
1269 2139 1372 2194 τοῦ
1409 2133 1702 2210 Ἀραβίου·
1745 2131 1858 2190 ‹ia-<3
1899 2133 1959 2190 δὲ

356 2220 629 2298 Ἰηνύσου,
684 2221 839 2287 αὖτις
890 2222 1079 2300 Σύρων
1120 2219 1290 2301 μέχρι.
1345 2219 1692 2298 Σερβωνίδος
1732 2220 1950 2296 λίμνης,

357 2309 489 2386 παρ’
514 2309 585 2386 ἣν
610 2311 677 2386 δή
702 2311 769 2371 τό
796 2310 1022 2370 Κάσιον
1048 2307 1178 2386 ὅρος
1211 2310 1374 2370 τείνει
1402 2314 1456 2374 ἐς
1483 2307 1803 2369 θάλασσαν·
1844 2305 1958 2366 οἷπό

360 2396 420 2455 δὲ
460 2399 808 2474 Σερβωνίδος
850 2399 1067 2474 λίμνης,
1106 2402 1166 2457 ἐν
1201 2401 1276 2476 τῇ
1318 2398 1386 2474 δή
1429 2397 1602 2478 λόγος
1641 2396 1742 2457 τὸν
1785 2393 1958 2472 Τυφῶ

362 2484 685 2562 κεκρύφθαι,
706 2485 819 2546 άπὸ
845 2484 1048 2560 ταύτης
1072 2485 1179 2560 ἤδη
1206 2487 1506 2566 Αἴγυπτος.
1560 2484 1628 2546 τό
1657 2484 1724 2562 δὴ
1751 2483 1959 2561 μεταξδ

358 2570 614 2648 Ἰηνύσου
638 2574 837 2638 πόλιος
873 2573 966 2631 καὶ
1001 2573 1226 2633 Κασίου
1261 2600 1325 2634 τε
1361 2573 1548 2651 οὔρεος
1580 2575 1672 2631 καὶ
1701 2576 1802 2648 τῆς
1826 2574 1960 2646 Σερ-

358 2660 597 2735 βωνίδος
635 2663 851 2738 λίμνης,
892 2660 982 2720 ἐὰν
1012 2663 1179 2720 τοῦτο
1221 2660 1320 2720 οὔκ
1357 2661 1552 2742 ὀλίγον
1589 2659 1794 2737 χωρίον
1828 2655 1960 2715 ἀλλ’

360 2746 502 2807 ὅσον
524 2773 587 2807 τε
614 2749 705 2808 ἐπὶ
728 2751 875 2825 τρεῖς
910 2747 1121 2825 ἡμέρας
1156 2747 1306 2817 ὄδὸν,
1343 2746 1576 2824 ἄνυδρόν
1609 2750 1731 2804 ἐστι
1759 2743 1960 2805 δεινῶς.

360 2835 439 2894 Τὸ
503 2835 563 2894 δὲ
620 2834 808 2917 ὀλίγοι
880 2838 991 2895 τῶν
1056 2840 1112 2899 ἐς
1169 2836 1453 2915 Αἴγυπτον
1514 2830 1960 2906 ναυτιλλομένων
1977 2828 2014 2888 6

363 2922 707 2993 ἐννενώκασι,
749 2927 915 2984 τοῦτο
966 2922 1202 3000 ἔρχομαι
1248 2920 1504 2997 φράσων·
1574 2923 1630 2982 ἐς
1676 2917 1962 2998 Αἴγυπτον

362 3015 425 3069 ἐκ
476 3015 578 3087 τῆς
628 3011 909 3074 Ἑλλάδος
960 3010 1168 3086 πάσης,
1224 3011 1317 3068 καὶ
1368 3008 1526 3085 πρός,
1576 3011 1636 3066 ἐκ
1689 3005 1960 3079 Φοινίκης,

363 3099 600 3176 κέραμος
642 3098 905 3180 ἐσάγεται
936 3097 1159 3175 πλήρης
1199 3097 1352 3156 οἴνου
1395 3097 1478 3157 δὶς
1518 3097 1618 3154 τοῦ
1661 3093 1806 3154 ἔτεος
1842 3089 1961 3148 ἐκά-

362 3212 523 3246 στου·
594 3188 688 3247 καὶ
740 3213 799 3247 εν
853 3185 1115 3263 κεράμιον
1171 3181 1392 3260 οἶνηρὸν
1444 3181 1660 3288 ἀριθμῶ
1711 3179 1960 3255 κείμενον

364 3272 465 3333 οὔκ
493 3275 617 3334 ἔστι
648 3273 745 3355 (ὦς
771 3273 925 3354 λόγῳ
960 3273 1154 3348 εἰπεῖν)
1184 3271 1418 3331 ἰδέσθαι.
1503 3272 1603 3328 κοῦ
1629 3268 1786 3342 δῆτα,
1817 3266 1963 3326 εἴποι
