2250 3500
326 95 611 161 152-156]
996 101 1264 153 omn.
1823 108 1922 159 27⁵

324 176 736 254 λωβησάμενος
766 177 859 237 καὶ
894 176 931 239 ὅ
966 203 1023 239 τι
1047 180 1400 256 ποιήσαντα;
1440 182 1476 244 ὅ
1501 183 1561 245 δὲ
1586 183 1724 245 εἶπε·
1765 194 1804 223 “
1819 185 1924 247 οὔκ

326 267 453 325 ἔστι
478 264 640 329 οὗτος
666 265 812 343 οἷνήρ
838 265 925 327 ὅτι
950 266 1033 345 μή
1061 267 1154 340 σύ,
1169 273 1247 347 τῷ
1274 270 1396 330 ἔστι
1421 271 1648 349 δύναμις
1671 272 1921 349 τοσαύτη

326 358 425 431 ἐμὲ
450 354 518 429 δή
548 353 651 415 ὦδε
678 354 964 416 διαθεῖναι·
992 355 1117 415 οὔτε
1142 382 1227 420 τις
1245 356 1574 435 ἀλλοτρίων,
1592 360 1635 419 ὦ
1653 362 1920 436 βασιλεῦ,

323 442 457 504 τάδε
494 444 781 525 ἔργασται,
810 435 947 503 ’ἀλλ’
984 444 1150 507 αὖτός
1190 444 1300 526 ε’γῶ
1341 445 1628 522 ἐμεωυτόν,
1655 448 1834 509 δεινόν
1863 474 1923 510 τι

323 530 651 609 ποιεύμενος
687 531 1024 610 Ἀσσυρίους
1060 534 1330 613 Πέρσῃσι
1369 534 1734 614 καταγελᾶν.”
1801 535 1834 597 ὁ
1874 536 1922 597 δ’

324 619 615 697 οἷμείβετο·
656 629 694 656 “
708 619 753 679 ὦ
776 620 1156 699 σχετλιώτατε
1181 620 1409 699 ἀνδρῶν,
1430 622 1570 702 ἔργῳ
1595 625 1672 701 τῷ
1697 624 1922 703 αἰσχίσ-

322 732 401 787 τῳ
438 706 648 785 οὔνομα
670 708 739 769 τὸ
766 708 1079 769 κάλλιστον
1106 709 1246 779 ἔθευ,
1275 709 1390 785 φὰς
1417 709 1508 768 διὰ
1532 708 1660 774 τούς
1691 715 1919 789 πολιορ-

326 796 617 871 κευμένους
664 794 910 856 σεωυτδν
960 795 1276 871 ἀνηκέστως
1321 796 1606 857 διαθεῖναι·
1657 800 1720 859 τί
1767 797 1831 869 δ’,
1878 798 1922 858 ὦ

322 881 541 960 μάταιε,
568 884 973 960 λελωβημένου
995 888 1102 944 σεῦ
1129 885 1353 945 θᾶσσον
1378 886 1434 945 οἳ
1457 887 1724 962 πολέμιοι
1745 882 1921 963 παρα-

324 972 671 1047 στήσονται·
656 1018 673 1043 ,
716 976 823 1036 κῶς
852 997 954 1032 ουκ
989 973 1314 1043 ἐξέπλωσας
1339 978 1452 1034 τῶν
1485 978 1717 1051 φρενῶν,
1752 1000 1919 1035 σεωυ-

322 1058 423 1121 τᾶν
459 1060 787 1138 διαφθείρας
804 1058 853 1130 ;”
892 1059 926 1121 ὁ
950 1060 1091 1120 δὲ’
1038 1086 1178 1120 ειπε·
1219 1071 1256 1098 “
1273 1066 1322 1121 εἰ
1346 1063 1452 1139 μέν
1475 1087 1564 1123 τοι
1598 1062 1923 1141 ὖπερετίθεα

322 1146 397 1207 τοὶ
423 1147 666 1225 ἔμελλον
690 1148 965 1225 ποιήσειν,
994 1148 1093 1209 οὐκ
1119 1148 1188 1209 ἅν
1213 1174 1287 1228 με
1309 1150 1595 1227 περιεῖδες·
1637 1156 1736 1211 νῦν
1761 1151 1862 1210 δ”
1835 1149 1921 1211 επ’

322 1239 600 1311 ἐμεωυτοῦ
638 1235 960 1313 βαλόμενος
1006 1237 1236 1314 ἔπρηξα·
1289 1236 1397 1314 ἤδη
1439 1236 1531 1307 ὦν,
1574 1236 1644 1313 ἦν
1685 1238 1768 1314 μὴ
1811 1242 1924 1300 τῶν

324 1327 445 1383 σῶν
483 1323 676 1403 δεήσῃ,
718 1325 975 1401 αἱρέομεν
1012 1325 1354 1399 Βαβυλῶνα·
1397 1324 1508 1405 ἐγώ
1542 1327 1648 1400 μὲν
1689 1325 1816 1406 γὰρ,
1849 1325 1924 1391 ὥς

324 1409 450 1489 ἔχω,
466 1411 841 1489 αὐτομολήσω
868 1416 924 1475 ἐς
946 1411 1013 1472 τὸ
1038 1415 1240 1491 τεῖχος,
1257 1411 1350 1471 καὶ
1376 1410 1546 1487 φήσω
1571 1410 1712 1487 πρὸς
1726 1411 1924 1476 αύτοῦς

323 1497 396 1561 ὥς
420 1499 530 1561 ‘fin-6
555 1504 662 1560 σεῦ
684 1499 817 1560 τάδε
843 1499 1116 1560 πέπονθα.
1187 1498 1280 1558 καὶ
1316 1498 1486 1558 δοκέω
1510 1498 1713 1561 πείσας
1738 1500 1922 1575 σφέας

322 1590 500 1647 ταῦτα
540 1590 686 1669 ἔχειν
716 1587 859 1648 οὕτω
892 1586 1188 1657 τεύξεσθαι
1219 1591 1506 1665 στρατιῆς·
1547 1586 1622 1646 m}
1649 1587 1710 1646 δὲ
1733 1585 1830 1646 ἀπ’
1853 1584 1923 1663 ἧς

323 1670 393 1733 ἂν
421 1674 631 1755 ἡμέρης
662 1676 771 1758 ἐγώ
801 1676 1021 1735 ἐσέλθω
1051 1680 1117 1739 ἐς
1143 1674 1216 1736 τό
1253 1679 1457 1756 τεῖχος,
1482 1674 1596 1735 άπό
1631 1674 1836 1748 ταύτης
1865 1680 1922 1739 ἐς

324 1761 557 1840 δεκάτην
584 1763 814 1842 ἡμέρην,
840 1768 944 1840 τῆς
981 1767 1227 1825 σεωυτοῦ
1267 1769 1536 1842 στρατιῆς
1567 1768 1668 1841 τῆς
1693 1763 1921 1842 οὐδεμία

320 1850 485 1912 ἔσται
521 1849 634 1930 ὥρη
672 1852 1084 1930 ἀπολλυμένης,
1109 1851 1314 1929 ταύτης
1336 1854 1556 1932 χιλίους
1580 1852 1749 1922 τάξον
1776 1852 1918 1913 κατά

320 1937 421 2002 τοὶς
462 1939 803 2018 Σεμιράμιος
844 1941 1187 2016 καλεομένας
1225 1940 1428 2002 πύλας·
1468 1939 1612 2017 μετοῗΙ
1647 1941 1707 1998 δὲ
1747 1940 1917 2011 αὖτις,

320 2023 435 2087 α’πό
472 2032 574 2104 τῆς
612 2026 843 2104 δεκάτης
884 2033 940 2091 ἐς
980 2026 1246 2103 ἑβδόμην,
1273 2025 1486 2088 ἄλλους
1521 2051 1620 2102 μοι
1645 2025 1814 2096 τάξον
1841 2027 1918 2086 δι·-

322 2115 581 2194 σχιλίους
621 2116 763 2176 κατὰ
800 2115 901 2178 τοὶς
939 2115 1148 2174 Νινίων
1179 2114 1519 2190 καλεομένας
1557 2112 1759 2176 πύλας·
1800 2112 1914 2174 dard

322 2201 385 2261 δε
406 2207 510 2279 τῆς
534 2202 781 2281 εβδόμης
814 2202 1121 2262 διαλείπειν
1149 2201 1327 2262 εἴκοσι
1353 2199 1584 2279 ημέρας,
1611 2201 1704 2259 καὶ
1730 2201 1919 2261 ἔπειτα

324 2289 537 2354 αλλους
576 2289 807 2351 κάτισον
836 2288 1065 2372 α’γαγων
1092 2314 1234 2350 κατα
1263 2315 1364 2352 τας
1397 2284 1698 2350 Χαλδαίων
1723 2292 1918 2348 καλεο-

321 2379 494 2454 μένας
531 2378 733 2449 πύλας,
772 2377 1274 2457 τετρακισχιλίους·
1318 2375 1556 2458 ἐχόντων
1592 2377 1653 2437 δὲ
1691 2375 1834 2456 μήτε
1864 2403 1918 2439 οι

320 2465 585 2545 πρότεροι
622 2466 795 2544 μηδὲν
832 2469 944 2526 τῶν
982 2464 1336 2542 άμυνούντων
1368 2465 1513 2544 μήτε
1553 2463 1724 2537 οὗτοι,
1762 2465 1918 2543 πλὴν

321 2555 680 2635 ἐγχειριδίων·
717 2556 885 2615 τοῦτο
910 2553 971 2613 δὲ
995 2553 1092 2614 ἐάν
1116 2555 1282 2634 ἔχειν.
1347 2555 1491 2632 μετὰ,
1527 2555 1586 2615 δὲ
1609 2553 1714 2630 τὴν
1738 2558 1918 2615 εἰκοσ-

319 2642 426 2718 τήν
452 2641 683 2720 ἡμέρην,
712 2639 1006 2718 {eim-‘niv
1028 2644 1133 2720 μὲν
1163 2640 1350 2718 ἄλλην
1375 2641 1646 2720 στρατιήν
1677 2640 1918 2702 κελεύειν

256 2767 259 2770 ·
318 2730 487 2807 πέριξ
522 2729 924 2808 προσβάλλειν
959 2729 1101 2808 πρδς
1135 2729 1202 2790 τδ
1233 2733 1434 2810 τεῖχος,
1462 2730 1696 2806 Πέρσας
1729 2727 1793 2786 δέ
1817 2753 1918 2804 μοι

318 2817 491 2888 τάξον
529 2817 672 2878 κατά
707 2843 771 2878 τε
806 2817 911 2881 τοῖς
948 2817 1198 2894 Βηλίδας
1237 2816 1575 2894 καλεομένας
1611 2813 1796 2876 πύλας
1825 2813 1920 2873 καὶ

320 2906 594 2971 Κισσίας·
634 2904 708 2970 οἷς
729 2904 841 2987 γάρ
867 2904 977 2987 ἐγὼ
1000 2904 1188 2974 δοκέω,
1217 2905 1346 2981 ἐμέο
1370 2902 1596 2984 μεγάλα
1621 2902 1756 2982 ἔργα
1781 2899 1916 2960 άπο-

317 2993 635 3071 δεξαμένου,
660 2992 737 3054 τά
765 3017 831 3054 τε
862 2990 1019 3054 ἅλλα
1048 2991 1447 3070 ἐπιτράψονται
1477 2989 1603 3067 ἐμοὶ
1641 2987 1916 3064 Βαβυλώ-

316 3105 429 3142 νιοι
468 3082 561 3142 καὶ
600 3081 671 3159 δή
698 3081 792 3141 καὶ
814 3085 926 3142 τῶν
948 3080 1170 3140 πυλέων
1194 3078 1296 3143 τοῖς
1321 3077 1707 3160 βαλανάγρας.
1773 3076 1841 3136 τό
1869 3073 1915 3134 δ’

318 3169 585 3241 ἐνθεῦτεν,
602 3170 733 3246 ἐμοί
740 3194 805 3230 τε
824 3169 919 3228 καὶ
936 3168 1204 3248 Πέρσῃσι
1216 3165 1457 3245 μελήσει
1472 3165 1544 3226 τοὶ
1565 3166 1650 3225 δεῖ
1660 3161 1918 3224 ποιέειν.”

399 3261 589 3318 Ταῦτα
618 3255 1003 3334 ἐντειλάμενος
1022 3254 1113 3332 ἥῖε
1147 3255 1240 3315 ἐπὶ
1271 3253 1373 3319 τοὶς
1397 3253 1596 3326 πύλας,
1623 3257 1874 3329 ἐπιστρε-
1894 3251 2010 3310 156
