2250 3500
360 140 481 206 121]
999 147 1324 200 nmpnn.
1862 155 1959 208 167

353 219 746 298 χρησαμένους
790 220 924 286 τοῦς
968 223 1257 299 φυλάκους
1303 225 1813 306 ῦπερμεθυσθῆναι,
1866 231 1963 293 καὶ

357 306 729 382 κρατηθέντας
765 307 878 368 ὖπό
918 314 1021 370 τοῦ
1061 309 1239 371 ὕπνου
1280 311 1449 373 αὐτοῦ
1495 315 1735 393 ἐνθάπερ
1772 317 1961 379 ἔπινον

357 395 851 470 κατακοιμηθῆναι·
882 395 984 457 τὸν
1008 397 1084 466 δὲ,
1113 396 1186 461 ὥς
1209 399 1407 475 πρόσω
1430 400 1501 476 ἦν
1524 407 1625 478 τῆς
1650 403 1861 474 νυκτὸς,
1888 404 1958 466 τό

354 504 420 539 τε
451 484 620 556 σῶμα
644 485 746 541 τοῦ
779 481 1060 560 ἀδελφεοῦ
1088 489 1407 546 καταλῦσαι
1434 487 1527 546 καὶ
1554 493 1665 550 τῶν
1690 491 1959 566 φυλάκων

356 567 450 625 ἐπὶ
471 567 626 646 λύμῃ
653 567 873 630 πάντων
898 571 1143 648 ξυρῆσαι
1169 573 1273 638 τάς
1303 572 1484 644 &ade
1508 577 1797 653 παρηΐδας·
1839 583 1955 640 ἐπι-

355 652 524 714 θέντα
561 655 623 714 δὲ
660 680 762 717 τον
799 655 960 718 νέκυν
999 660 1091 719 ἐπὶ
1130 685 1261 725 τους
1300 659 1461 725 ὅνους
1499 661 1829 725 ἀπελαύνειν
1867 665 1955 726 ἐπ’

355 741 526 811 οἴκου,
548 743 952 807 ἐπιτελέσαντα
975 750 1048 825 τῇ
1073 748 1246 827 μητρὶ
1270 774 1345 809 τα
1370 749 1822 830 προσταχθέντα·
1852 778 1957 814 τον

355 826 417 886 δὲ
443 830 787 906 βασιλέα,“
744 860 817 897 ως
845 832 994 913 αὖτῶ
1017 833 1355 946 ἀπηγγέλθη
1380 841 1484 898 τοῦ
1514 837 1703 916 φωρος
1731 867 1764 900 ο
1797 839 1955 906 νέκυς

355 917 804 996 ἐκκεκλεμμένος,
833 920 984 982 ὃεινα
1007 921 1235 984 ποιέειν·
1270 924 1489 990 πάντως
1514 926 1573 986 δὲ
1596 925 1955 1005 βουλόμενον

356 1003 702 1082 εὑρεθῆναι
666 1033 826 1072 οστις
859 1012 988 1070 κοτὲ
1013 1010 1098 1087 εἴη
1123 1039 1157 1072 ο
1183 1015 1360 1072 ταῦτα
1387 1013 1801 1093 μηχανώμενος,
1826 1041 1947 1076 ποι-
1972 1050 1981 1058 ·

351 1091 498 1164 ἧσαί
513 1119 613 1169 μιν
636 1095 784 1167 τάδε,
813 1097 938 1174 ἐμοὶ
961 1099 1065 1175 μὲν
1091 1097 1158 1159 οὗ
1182 1099 1378 1161 πιστά·
1410 1100 1516 1175 τὴν
1534 1101 1641 1184 [δὲ]
1669 1103 1948 1212 θυγατέρα

349 1175 453 1252 τὴν
479 1183 681 1242 εωυτοῦ
708 1183 935 1244 κατίσαι
959 1183 1044 1244 ἐπ’
1065 1186 1383 1263 οἰκήματος,
1404 1188 1788 1266 ἐντειλάμενον
1806 1190 1943 1250 πάν-

349 1288 450 1329 ‘ms‘
481 1292 548 1326 τε
582 1269 786 1346 ομοίως
822 1271 1241 1351 προσδέκεσθαι
1274 1275 1367 1334 καὶ
1400 1275 1532 1352 πρὶν
1568 1277 1945 1358 συγγενέσθαι

349 1349 676 1434 ἀναγκάζειν
707 1357 894 1441 λέγειν
924 1359 1066 1438 αὐτῇ
1091 1359 1125 1420 ὅ
1159 1385 1216 1421 τι
1247 1361 1372 1437 δη’
1345 1387 1405 1422 εν
1437 1367 1515 1441 τῷ
1537 1364 1651 1442 βίω
1677 1366 1945 1472 ἔργασται

351 1437 497 1499 αὖτῶ
521 1443 858 1521 σοφώτατον
883 1448 978 1506 καὶ
1010 1446 1423 1508 ἀνοσιώτατον·
1407 1493 1425 1518 ,
1467 1474 1529 1513 ος
1560 1447 1666 1509 δ’*
1633 1476 1701 1510 αν
1729 1449 1943 1532 ἀπηγή-

349 1551 520 1604 σηται
557 1556 630 1592 τα
670 1534 800 1612 περὶ
838 1533 940 1596 τὸν
979 1538 1145 1612 φῶρα
1176 1534 1533 1616 γεγενημένα,
1568 1539 1768 1596 τοῦτον
1802 1540 1941 1596 συλ-

345 1617 664 1694 λαμβάνειν
707 1622 801 1682 καὶ
844 1648 925 1700 μη
968 1621 1191 1683 ἀπιέναι
1236 1623 1356 1693 ἔξω·
1411 1621 1483 1688 ῶς
1524 1623 1584 1685 δὲ
1622 1649 1728 1700 την
1766 1624 1939 1684 παῖδα

343 1705 553 1769 ποιέειν
585 1708 659 1770 τά
695 1715 757 1771 ἐκ
793 1715 895 1772 τοῦ
930 1710 1140 1789 πατρὸς
1173 1712 1619 1795 προσταχθέντα,
1646 1712 1747 1774 τᾶν
1772 1715 1937 1791 φῶρα

344 1794 656 1873 πυθόμενον
679 1802 792 1859 τῶν
817 1798 997 1859 εἵνεκα
1019 1803 1197 1860 ταῦτα
1223 1800 1557 1880 ἐπρήσσετο,
1576 1800 1935 1879 βουληθέντα

343 1886 694 1964 πολυτροπίῃ
713 1890 813 1946 τοῦ
836 1886 1113 1963 βασιλέος
1132 1888 1539 1971 περιγενέσθαι,
1554 1888 1764 1949 ποιέειν
1782 1887 1932 1949 τάδε·

343 1976 535 2048 νεκροῦ
554 1972 892 2051 προσφάτου
917 1972 1281 2052 ἀποταμόντα
1307 1980 1365 2035 ἐν
1381 1980 1459 2055 τῷ
1478 1975 1605 2055 ὤμῳ
1624 1975 1727 2050 τὴν
1750 1978 1931 2053 χεῖρα,

344 2056 480 2118 ἰέναι
505 2058 676 2121 αῦτόν
701 2062 900 2141 ἔχοντα
924 2061 1098 2143 αὖτῇν
1123 2060 1235 2121 im}
1259 2066 1336 2140 τῷ
1363 2062 1578 2141 ἱματίῳ·
1621 2061 1931 2121 ἐσελθόντα

342 2143 403 2204 δὲ
435 2146 509 2212 οἷς
544 2152 648 2209 τοῦ
679 2148 960 2225 βασιλέος
994 2147 1098 2225 τήν
1132 2148 1409 2230 θυγατέρα
1442 2148 1533 2206 καὶ
1566 2145 1933 2224 εἰρωτώμενον

340 2232 516 2317 τάπερ
555 2236 649 2295 καὶ
683 2239 738 2297 οἶ
775 2236 964 2307 ἄλλοι,
996 2235 1406 2318 ἀπηγήσασθαι
1442 2234 1513 2299 ὥς
1553 2234 1931 2294 ἀνοσιώτατον

340 2323 443 2397 μὲν
461 2324 546 2399 εἴη
565 2323 924 2406 ἐργασμένος,
945 2323 1038 2385 ὅτε
1061 2328 1164 2385 τοῦ
1190 2322 1468 2399 ἀδελφεοῦ
1496 2328 1553 2383 ἐν
1571 2326 1650 2403 τῷ
1670 2323 1931 2400 θησαυρῷ

339 2412 440 2469 τοῦ
491 2411 770 2487 βασιλέος
817 2411 930 2473 ὗπό
982 2410 1167 2493 πάγης
1217 2409 1455 2475 οἷλόντος
1500 2409 1780 2488 ἀποτάμοι
1823 2409 1929 2485 τήν

341 2497 614 2574 κεφαλήν·
652 2499 987 2576 σοφώτατον
1013 2500 1089 2569 δὲ,
1115 2498 1205 2559 ὅτι
1228 2497 1356 2563 τοῦς
1382 2497 1668 2575 φυλάκους
1694 2523 1929 2575 καταμε-

341 2584 517 2649 θύσας
569 2586 902 2648 καταλύσειε
951 2590 1052 2647 τοῦ
1106 2586 1385 2663 ἀδελφεοῦ
1438 2585 1780 2665 κρεμάμενον
1828 2586 1929 2645 τὸν

338 2671 516 2734 νέκυν·
555 2674 659 2751 τήν
699 2675 774 2745 δὲ,
812 2674 883 2739 ὥς
915 2673 1141 2751 ἤκουσε,
1178 2672 1457 2734 ἅπτεσθαι
1498 2672 1687 2733 αὐτοῦ·
1726 2672 1827 2731 τᾶν
1867 2672 1928 2730 δὲ

338 2765 503 2838 φῶρα
539 2766 598 2823 ἐν
629 2766 708 2841 τῷ
739 2760 932 2823 σκότεϊ
965 2766 1250 2840 προτεῖναι
1289 2760 1430 2839 αὐτῇ
1460 2764 1562 2819 τοῦ
1594 2762 1790 2835 νεκροῦ
1811 2757 1929 2860 ,τὴν

334 2852 514 2927 χεῖρα,
539 2848 644 2925 τὴν
668 2850 740 2909 δὲ·
760 2848 1179 2926 ἐπιλαβομένην
1205 2848 1365 2927 ἔχειν,
1394 2845 1732 2923 νομίζουσαν
1759 2845 1929 2902 αυτοῦ

337 2936 544 2996 ἐκείνου
559 2941 661 3013 τῆς
678 2936 866 3016 χειρὸς
882 2934 1232 3015 ἀντέχεσθαι,
1249 2933 1349 2994 τᾶν
1365 2932 1425 2991 δὲ
1440 2935 1603 3008 φῶρα
1622 2928 1929 3009 προέμενον

335 3021 479 3103 αὐτῇ
498 3024 758 3103 οἴχεσθαι
777 3023 868 3083 8ιά
895 3024 1100 3102 θυρέων
1121 3019 1421 3101 φεύγοντα·
1454 3017 1525 3081 ώς
1551 3016 1611 3075 δὲ
1638 3017 1729 3076 καὶ
1754 3020 1931 3077 ταῦτα

337 3113 392 3171 ἐς
420 3136 520 3171 τον
543 3110 800 3188 βασιλέα
832 3110 1163 3189 ἀνενεῖχθαι,
1192 3106 1577 3183 ἐκπεπλῆχθαι
1601 3106 1705 3182 μὲν
1732 3104 1823 3163 ἐπὶ
1853 3108 1927 3181 τῇ

334 3198 745 3278 πολυφροσύνῃ
787 3222 852 3258 τε
893 3197 985 3256 καὶ
1025 3196 1213 3273 τόλμῃ
1254 3192 1597 3270 τάνθρώπου·
1644 3191 1809 3254 τέλος
1848 3190 1925 3262 δὲ,

333 3282 722 3362 ὃιαπέμποντα
763 3289 818 3350 ἐς
863 3282 1054 3347 πάσας
1097 3306 1201 3343 τας
1245 3278 1413 3343 πόλις
1454 3276 1929 3361 ἐπαγγέλλεσθαι,
