2250 3500
372 112 472 159 250
974 110 1342 161 ⁸11POAomo'r
1833 110 1967 177 [111.

371 188 559 251 Ἰνδοί·
598 189 784 251 Ἰνδῶν
812 188 923 271 γὰρ
948 190 1016 251 τό
1051 190 1194 268 πρός
1227 189 1334 267 τήν
1363 189 1448 267 ἠῶ
1477 190 1677 268 ἐρημίη
1709 192 1852 263 ἐστὶ,
1879 192 1973 255 διὰ

370 278 476 352 τήν
506 276 759 354 ψάμμον.
828 279 951 337 ἔστι
988 278 1048 337 δὲ
1081 276 1280 337 πολλοὶ
1317 278 1478 337 ἔθνεα
1509 278 1698 338 Ἰνδῶν
1738 280 1832 338 καὶ
1869 279 1971 339 οὔκ

370 363 639 441 ὄμόφωνᾶ.
674 370 867 440 σφισι·
911 364 1003 425 καὶ
1038 368 1091 425 οἱ
1130 366 1234 441 μὲν
1269 364 1449 425 αὐτῶν
1480 364 1716 441 νομάδες
1751 367 1879 436 εἶσὶ,
1915 370 1970 427 οἱ

370 452 431 511 δὲ
452 452 535 511 οὔ·
576 456 631 512 οἱ
656 454 718 512 δὲ
743 458 802 514 ἐν
824 455 980 535 τοῖσι
1005 454 1168 513 ἕλεσι
1193 452 1440 513 οἰκέουσι
1463 456 1566 513 τοῦ
1591 458 1850 531 ποταμοῦ
1875 455 1970 514 καὶ

372 540 565 619 ἰχθύας
611 541 892 602 σιτέονται
938 539 1136 617 ὥμοῦς,
1178 540 1311 603 τοῦς
1351 540 1604 617 αἱρέουσι
1647 545 1710 599 ἐκ
1756 542 1970 602 πλοίων

371 629 689 706 καλαμίνων
717 628 1078 706 ὄρμεόμενοι·
1120 626 1379 703 καλάμου
1411 627 1470 687 δὲ
1507 628 1567 687 ἓν
1596 625 1734 709 γόνυ
1765 632 1968 689 πλοῖον

366 716 607 778 ἕκαστον
631 717 896 777 ποιέεται.
954 713 1108 775 οὗτοι
1133 718 1238 792 μὲν
1263 715 1331 791 δή
1350 717 1460 775 τῶν
1485 713 1673 775 Ἰνδῶν
1694 716 1969 792 φορέουσι

369 802 584 879 ε’σθῆτα
610 804 869 880 φλοΐνην·
911 802 1079 863 ἐπεὰν
1106 806 1168 861 ἔκ
1197 805 1299 862 τοῦ
1324 806 1582 880 ποταμοῦ
1609 806 1798 879 φλοῦν
1823 801 1966 880 α’μή-

368 916 517 951 σωσι
551 892 643 950 καὶ
679 889 914 967 κόψωσι,
941 889 1010 950 τὸ
1040 891 1290 951 ἐνθεῦτεν
1315 892 1540 967 φορμοῦ
1565 890 1775 966 τρόπον
1801 916 1966 951 κατα-

275 980 349 1037 99
368 978 683 1048 πλέξαντες,
727 976 800 1041 ὥς
840 976 1061 1054 θώρηκα
1101 977 1433 1037 ἐνδυνέουσι.
1503 974 1717 1036 Ἄλλοι
1757 976 1819 1037 δὲ
1853 982 1968 1039 τῶν

366 1064 557 1125 Ἰνδῶν-
574 1064 822 1142 πρὸς-ἤῶ
848 1064 1119 1129 οἰκέοντες
1141 1064 1351 1125 τούτων
1377 1062 1611 1141 νομάδες
1639 1064 1765 1133 εἶσὶ,
1793 1070 1968 1141 κρεῶν

369 1152 590 1213 ἐδεσταὶ
631 1151 809 1231 ὠμῶν·
851 1152 1147 1213 καλέονται
1181 1152 1244 1212 δὲ
1278 1152 1542 1212 Παδαῖοι·
1581 1153 1867 1230 νομαίοισι
1904 1153 1968 1214 δὲ

365 1242 613 1301 τοιοῖσδε
636 1241 898 1322 λέγονται
928 1240 1198 1319 χρᾶσθαι·
1241 1238 1304 1305 ὃς
1341 1238 1410 1299 ἂν
1449 1238 1600 1319 κάμῃ
1624 1243 1735 1301 τῶν
1759 1240 1964 1313 οἰστῶν,

367 1328 437 1405 ἥν
460 1354 525 1391 τε
557 1328 698 1411 γυνή
723 1328 794 1405 ἥν
817 1353 881 1387 τε
910 1326 1069 1406 ἀνὴρ,
1095 1328 1196 1388 τᾶν
1226 1328 1330 1403 μὲν
1356 1326 1530 1404 ἄνδρα
1555 1326 1746 1405 ἅνδρες
1777 1331 1832 1387 οἱ
1859 1328 1968 1405 μα’-

367 1415 543 1478 λιστοί
568 1420 621 1477 οἱ
655 1415 974 1496 ὁμιλέοντες
1006 1415 1300 1495 κτείνουσι,
1330 1413 1574 1491 φάμενοι
1603 1414 1774 1476 αὖτόν
1803 1416 1966 1493 τηκό-

366 1514 534 1582 μενον
556 1508 628 1584 τῇ
657 1504 840 1584 νούσῳ
862 1504 936 1564 τοὶ
972 1504 1107 1581 κρέα
1141 1504 1318 1579 σφίσι
1347 1502 1794 1581 διαφθείρεσθαι·
1835 1504 1869 1565 0‘
1903 1505 1968 1565 δὲ

366 1592 611 1670 ἅπαρνός
641 1597 765 1652 ε’στι
798 1591 880 1668 μή
912 1592 1017 1668 μὲν
1041 1591 1274 1660 νοσέειν,
1301 1592 1357 1650 οἱ
1387 1589 1449 1649 δὲ
1486 1589 1550 1649 οὖ
1583 1592 1967 1672 συγγινωσκό-

365 1704 525 1756 μενοι
542 1678 959 1740 ἀποκτείναντες
987 1678 1436 1758 κατευωχέονται·
1463 1675 1533 1755 ἢν
1553 1678 1613 1736 δὲ
1630 1677 1772 1759 γυνή
1795 1680 1965 1760 κάμῃ,

366 1766 628 1830 ὥσαύτως
668 1769 728 1825 αἱ
768 1764 1167 1844 ἐπιχρεώμεναι
1204 1765 1460 1843 μάλιστα
1498 1769 1753 1848 γυναῖκες
1789 1768 1968 1830 ταῦταῖ

366 1857 521 1914 τοῖσι
549 1851 788 1932 ἀνδράσι
816 1857 1059 1913 ποιεῦσι·
1099 1853 1201 1914 τόν
1234 1853 1346 1936 γοὶρ
1373 1853 1498 1930 δη’
1472 1879 1528 1917 ες
1561 1880 1740 1936 ’γηρας
1771 1855 1967 1917 ἀπικό-

366 1968 533 2020 μενον
570 1941 839 2005 θύσαντες
872 1943 1323 2020 κατευωχέονται·
1364 1945 1421 2005 ἐς
1460 1940 1522 2000 δὲ
1555 1942 1755 2002 τούτου
1787 1944 1968 2025 λόγον

368 2031 435 2092 οὐ
458 2024 675 2092 πολλοί
693 2055 835 2094 τινες
860 2029 1038 2090 αὐτῶν
1064 2029 1433 2090 ἀπικνέονται·
1464 2054 1576 2107 προ
1601 2029 1712 2111 γοὶρ
1739 2035 1842 2091 τοῦ
1865 2032 1968 2092 τόν

276 2120 435 2180 ῙΟΟ’
409 2147 464 2184 ες
497 2125 703 2181 νοῦσον
730 2119 1007 2179 πίπτοντα
1040 2117 1224 2178 πάντα
1264 2117 1561 2178 κτείνουσι.
1626 2117 1864 2195 Ἑτέρων
1903 2119 1969 2179 δέ

369 2212 494 2268 ἐστι
514 2207 702 2268 Ἰνδῶν
726 2207 819 2267 ὅδε
849 2205 1029 2270 ἄλλος
1056 2202 1285 2284 τρόπος·
1327 2203 1452 2264 οὔτε
1489 2204 1769 2266 κτείνουσι
1805 2204 1966 2269 οὐδὲν

366 2296 635 2373 ἔμψυχον,
670 2292 797 2354 οὔτε
833 2318 890 2352 τι
929 2293 1246 2370 σπείρουσι,
1290 2290 1416 2352 οὔτε
1456 2291 1632 2357 οἰκίας
1672 2294 1967 2370 νομίζουσι

366 2383 654 2456 ἐκτῆσθαι·
694 2381 1113 2460 ποιηφαγέουσι
1147 2379 1226 2438 δέ·
1270 2379 1364 2438 καὶ
1398 2377 1630 2440 αὐτοῖσί
1663 2385 1789 2442 ἔστι
1825 2380 1967 2444 ὅσον

367 2468 603 2548 κέγχρος
624 2466 691 2527 τό
716 2467 962 2548 μέγαθος
986 2472 1046 2527 ἐν
1078 2465 1279 2527 κάλυκι
1303 2465 1618 2544 αὐτόματον
1645 2472 1706 2528 ἐκ
1736 2472 1838 2545 τῆς
1859 2474 1967 2550 γῆς

364 2555 674 2636 γινόμενον·
713 2553 780 2614 vd
822 2554 1213 2635 συλλέγοντες,
1245 2553 1386 2633 αὐτῇ
1427 2553 1628 2614 κάλυκι
1661 2555 1871 2634 ἕψουσί
1903 2583 1967 2618 τε

368 2643 460 2703 καὶ
486 2643 784 2704 σιτέονται.
841 2641 904 2705 ὃς
929 2641 976 2700 δ’
996 2641 1065 2702 ἂν
1090 2647 1146 2706 ἐς
1170 2646 1376 2703 νοῦσον
1397 2642 1577 2704 αὐτῶν
1595 2645 1765 2722 πέσῃ,
1787 2644 1968 2706 ε’λθῶν

369 2737 425 2796 ἐς
452 2730 557 2807 τήν
586 2729 1015 2809 ἔρημον-κέεται·
1058 2731 1342 2808 φροντίζει
1373 2729 1434 2790 δὲ
1473 2729 1648 2793 οὐδεὶς
1685 2730 1800 2790 οὔτ’
1826 2729 1966 2791 ‹in-o-

275 2821 385 2878 101
409 2817 671 2882 θανόντος
712 2843 839 2878 ουτε
885 2816 1209 2897 κάμνοντος.
1291 2817 1464 2888 Mutae
1509 2818 1570 2878 δὲ
1608 2843 1820 2879 τουτων
1854 2823 1968 2880 τῶν

364 2905 551 2966 Ἰνδῶν
572 2909 683 2966 τῶν
709 2905 981 2976 κατέλεξα
1011 2904 1231 2966 πάντων
1261 2905 1514 2982 ἐμφανής
1548 2910 1690 2976 ἐστι,
1717 2904 1968 2983 κατάπερ

364 2997 475 3052 τῶν
498 2991 820 3069 προβατων·
862 2993 953 3052 καὶ
984 3018 1050 3053 το
1076 2996 1278 3071 χρῶμα
1304 2991 1578 3071 φορέουσι
1605 2992 1804 3071 ομοῖον
1828 2991 1970 3054 πάν·

364 3103 456 3142 τες
480 3080 573 3138 καὶ
602 3079 1007 3166 παραπλήσιον
1031 3081 1282 3160 Αἰθίοψι·
1323 3080 1361 3158 ἦ
1387 3107 1527 3162 γονη
1555 3081 1616 3142 δὲ
1649 3080 1831 3142 αυτῶν
1861 3105 1976 3158 την

366 3164 618 3226 ἀπίενται
660 3172 717 3232 ἐς
757 3193 859 3232 τας
901 3171 1181 3250 γυναῖκας,
1227 3167 1310 3238 οὗ,
1338 3168 1586 3247 κατάπερ
1620 3173 1733 3230 τῶν
1772 3168 1980 3230 ἄλλων

365 3247 682 3323 ἀνθρώπων,
725 3255 850 3314 ἐστὶ
890 3254 1079 3332 λευκὴ,
1123 3254 1280 3315 ἀλλὰ
1323 3258 1566 3334 μέλαινα
1612 3257 1861 3337 κατάπερ
1899 3255 1980 3318 τὰ
