2250 3500
362 146 458 193 114
661 175 680 200 .
979 142 1344 192 ἨΡοΔοΤοί·
1862 140 1966 206 [11.

356 221 601 302 γυπτίων
627 223 681 279 οἶ
708 221 891 297 ἔνερθε
914 223 1017 296 τῆς
1049 220 1253 296 λίμνης
1282 223 1384 295 τῆς
1419 219 1659 296 Μοίριος
1692 220 1971 284 οἰκέοντες

357 306 430 369 τά
451 333 513 367 τε
533 307 688 366 ἄλλα
713 307 890 386 χωρία
913 308 1005 366 καὶ
1027 306 1094 367 τὰ
1123 306 1460 382 καλεόμενον
1488 307 1697 376 Δέλτα,
1724 305 1796 382 ἢν
1822 306 1969 368 οὕτω

355 394 395 470 ἠ
413 393 568 472 χώρη
588 392 726 470 αὕτη
747 393 887 452 κατὰ
905 393 1082 475 λόγον
1098 393 1317 472 ἐπιδιδῷ
1336 398 1390 456 ἐς
1408 392 1549 471 ὕψος
1570 394 1662 452 καὶ
1680 394 1747 454 τό
1768 393 1970 472 ὁμοῖον

358 481 602 562 ἀποδιδῷ
643 486 698 545 ἐς
742 480 996 558 αὔξησιν,
1037 481 1117 558 μὴ
1158 480 1599 552 κατακλύζοντος
1638 479 1814 557 αὐτὴν
1860 488 1967 543 τοῦ

356 571 588 641 Νείλου,
613 570 916 631 πείσεσθαι
950 568 1051 630 τὸν
1073 567 1260 629 πάντα
1298 566 1503 648 χρόνον
1526 568 1626 629 τὸν
1667 571 1970 632 ἐπίλοιπον

285 721 290 726 ,
359 657 654 738 Αἰγύπτιοι
672 658 739 718 τό
768 683 894 718 κοτε
913 656 1072 716 αὖτοὶ
1086 655 1376 733 Ἓλληνας
1396 657 1619 731 ἔφασαν
1638 657 1965 719 πείσεσθαι·

357 745 660 823 πυθόμενοι
685 743 794 826 γὰρ
822 744 893 810 ὦς
915 744 1070 804 ὕεται
1096 748 1259 804 πᾶσα
1283 743 1321 820 ή
1340 743 1495 823 χώρη
1519 748 1630 805 τῶν
1652 743 1964 822 Ἑλλήνων,

358 832 491 894 ἀλλ’
519 833 584 893 οὗ
609 835 919 908 ποταμοῖσι
943 831 1166 908 ἄρδεται
1193 829 1439 909 κατάπερ
1464 831 1502 907 ή
1530 832 1799 908 σφετέρη,
1828 833 1965 909 ἔφα-

358 946 470 981 σαν
510 931 546 957 “
560 920 849 995 Ἕλληνας
883 919 1229 996 ψευσθέντας
1270 922 1396 980 κοτὲ
1440 919 1665 983 ἐλπίδος
1709 920 1968 1001 μεγάλης

359 1012 537 1070 κακῶς
575 1004 911 1083 πεινήσειν.”
965 1005 1032 1067 τό
1075 1006 1137 1066 δὲ
1180 1007 1311 1070 ἔπος
1334 1011 1504 1067 τοῦτο
1536 1007 1717 1067 ἐθέλει
1755 1008 1964 1088 λέγειν,

359 1094 430 1159 ὥς
470 1097 572 1154 “εἶ
613 1094 694 1173 μή
733 1092 998 1172 ἐθελήσει
1045 1100 1160 1171 σφι
1200 1093 1315 1155 ὕειν
1356 1094 1389 1155 ὅ
1428 1093 1552 1157 θεός
1591 1092 1725 1154 ἀλλ’
1767 1094 1967 1176 αὐχμῷ

360 1183 715 1262 διαχρᾶσθαι,
742 1185 889 1261 λιμῷ
916 1185 971 1242 οἱ
990 1180 1271 1259 Ἕλληνες
1303 1181 1716 1258 αἱρεθήσονται·
1758 1182 1824 1242 οὗ
1849 1184 1965 1264 γὰρ

358 1271 429 1347 δή
470 1282 583 1347 σφι
626 1275 750 1332 ἐστι
788 1271 986 1334 ὕδατος
1030 1269 1259 1348 οὐδεμία
1292 1267 1446 1345 ἄλλη
1488 1269 1848 1347 ἀποστροφὴ,
1875 1270 1966 1332 ὅτι

357 1358 439 1438 μή
467 1364 526 1419 ἐκ
550 1364 652 1420 τοῦ
680 1359 816 1424 Διὸς
833 1357 1090 1436 μοῦνον.”

267 1450 342 1508 14
441 1449 557 1508 Καὶ
590 1451 767 1509 ταῦτα
806 1450 911 1526 μὲν
955 1452 1011 1511 ἐς
1047 1445 1337 1523 Ἕλληνας
1382 1448 1743 1528 Αἰγυπτίοισι
1783 1445 1965 1525 ὀρθῶς

358 1537 558 1616 ἔχοντα
586 1537 815 1615 εἴρηται·
858 1535 997 1612 φέρε
1024 1535 1083 1594 δὲ
1109 1538 1208 1594 νῦν
1233 1535 1326 1594 καὶ
1352 1533 1577 1594 αὐτοῖσι
1602 1537 1965 1616 Αἰγυπτίοισι

343 1623 429 1687 *uk
456 1625 570 1703 ἔχει
596 1624 820 1699 φράσω.
864 1623 914 1680 εἴ
931 1626 1043 1698 σφι
1071 1622 1245 1692 θέλοι,
1274 1622 1348 1686 ὥς
1368 1624 1460 1681 καὶ
1486 1622 1761 1700 πρότερον
1787 1622 1962 1696 εἶπον,

359 1708 399 1785 ἦ
423 1710 579 1790 χώρη
606 1708 644 1785 ἦ
672 1709 856 1787 ἔνερθε
879 1709 1149 1786 Μέμφιος
1174 1707 1338 1790 (αὕτη
1362 1708 1473 1792 γάρ
1500 1715 1623 1772 ἐστι
1658 1710 1697 1787 ἦ
1733 1710 1963 1781 αὐξανο-

356 1798 518 1874 μένη)
549 1796 690 1856 κατὰ
729 1795 906 1877 λόγον
929 1800 1031 1855 τοῦ
1055 1800 1470 1876 παροιχομένου
1508 1799 1715 1877 χρόνου
1742 1805 1799 1863 ἐς
1820 1799 1963 1879 ὕψος

358 1884 711 1954 αὐξάνεσθαι,
739 1882 889 1943 ἄλλο
914 1908 971 1943 τι
994 1881 1032 1959 ἢ
1062 1886 1116 1943 οἱ
1139 1884 1313 1964 ταύτῃ
1353 1887 1621 1951 οἰκέοντες
1647 1890 1964 1969 Αιγυπτίων

357 1970 718 2050 πεινήσουσι;
761 1975 810 2031 εἰ
832 1969 977 2049 μήτε
999 1997 1069 2052 γε
1094 1970 1296 2032 υσεταί
1334 1980 1446 2049 σφι
1472 1973 1511 2050 ἦ
1547 1974 1721 2052 χώρη,
1757 1974 1902 2053 μήτε
1926 1976 1961 2036 ὅ

361 2061 616 2141 ποταμός
642 2060 758 2125 οἶός
791 2060 840 2121 τ’
883 2062 1045 2121 ἔσται
1082 2066 1138 2125 ἐς
1172 2058 1275 2124 τοῖς
1316 2060 1554 2139 ἀρούρας
1584 2062 1960 2141 υπερβαίνειν.

356 2150 395 2227 ἦ
434 2178 546 2234 γαρ
589 2150 658 2229 δή
690 2155 788 2212 νῦν
827 2175 896 2232 γε
937 2146 1092 2211 οὗτοι
1134 2148 1521 2224 ἀπονητότατα
1559 2150 1779 2227 καρπόν
1806 2152 1961 2228 κομί-

359 2241 546 2311 ζονται
573 2244 632 2299 ἐκ
657 2244 778 2321 γῆς,
805 2243 916 2299 τῶν
941 2263 1003 2297 τε
1028 2236 1221 2297 ἄλλων
1247 2235 1547 2314 ἀνθρώπων
1571 2236 1829 2300 ἁπάντων
1868 2240 1963 2298 καὶ

355 2331 467 2387 τῶν
492 2330 706 2385 λοιπῶν
730 2326 1064 2405 Αἰγυπτίων·
1106 2324 1160 2383 οἳ
1189 2321 1316 2383 οὔτε
1341 2322 1559 2403 ἀρότρῳ
1592 2323 1961 2407 ἀναρρηγνύν-

356 2439 448 2476 τες
489 2412 735 2473 αὔλακας
766 2413 962 2491 ἔχουσι
1001 2410 1221 2481 πόνους,
1256 2409 1384 2471 οὔτε
1426 2411 1788 2484 σκάλλοντες,
1832 2414 1975 2474 οὔτε

359 2498 510 2557 ἄλλο
553 2496 908 2578 ἐργαζόμενοι
952 2492 1107 2557 οὐδὲν
1148 2502 1257 2558 τῶν
1299 2497 1478 2558 ὧλλοι
1512 2498 1794 2578 ἅνθρωποι
1830 2502 1963 2580 περὶ

357 2584 522 2661 λήϊον
546 2586 830 2645 πονέουσι·
888 2583 1019 2644 αλλ’
1048 2584 1215 2645 ἐπεάν
1242 2587 1415 2664 σφι“
1381 2614 1413 2648 ο
1440 2588 1694 2667 ποταμός
1720 2587 1959 2666 αὐτόμα-

355 2699 451 2738 τος
493 2672 821 2734 ἐπελθων”’
781 2700 935 2753 αρσῃ
961 2672 1062 2737 τοὶς
1101 2672 1357 2753 ἀρούρας,
1385 2702 1566 2753 αρσας
1592 2677 1651 2736 δὲ
1676 2675 1960 2756 ἀπολείπῃ

358 2744 558 2835 ὀπίσω,
602 2760 732 2824 τότε
772 2764 1008 2839 σπείρας
1049 2762 1283 2827 ἕκαστος
1324 2762 1429 2839 τήν
1470 2765 1672 2824 ἑωυτοῦ
1719 2763 1962 2843 ἄρουραν

357 2851 641 2928 ἐσβάλλει
681 2855 738 2916 ἐς
785 2850 956 2926 αὖτήν
982 2848 1063 2915 ὗς·
1108 2849 1276 2910 ἐπεαν
1318 2849 1377 2909 δὲ
1410 2851 1784 2931 καταπατήσῃ
1822 2858 1962 2931 τῇσι

355 2937 457 2998 ὖσὶ
494 2938 561 2998 τὰ
601 2939 849 3015 σπέρμα,
877 2938 1092 3014 ἄμητον
1131 2936 1200 2997 τὰ
1232 2936 1346 2997 α’πό
1382 2938 1581 2999 τούτου
1607 2942 1779 3017 μένει·
1821 2939 1959 3001 α’πο-

359 3023 591 3100 δινήσας
620 3026 679 3084 δὲ
704 3029 841 3104 τῇσι
865 3024 963 3083 ὑσὶ
987 3022 1088 3083 τόν
1115 3026 1293 3093 σῖτον,
1322 3024 1464 3083 οὕτω
1493 3028 1796 3102 κομίζεται.

266 3112 340 3167 15
421 3116 494 3170 Εἰ
536 3111 612 3171 ὦν
649 3110 981 3188 βουλόμεθα
1019 3108 1281 3189 γνώμῃσι
1310 3114 1447 3187 τῇσι
1478 3110 1673 3173 Ἰώνων
1711 3116 1965 3192 χρᾶσθαι

357 3194 430 3254 τὰ
467 3198 596 3273 περὶ
635 3199 938 3278 Αἴγυπτον,
967 3196 1027 3253 οἵ
1063 3200 1213 3269 φασι
1251 3194 1317 3255 vd
1346 3198 1538 3256 Δέλτα
1576 3204 1785 3274 μοῦνον
1825 3202 1967 3264 εἶναι

357 3279 658 3359 Αἴγυπτον,
673 3282 787 3343 dm}
807 3280 1065 3359 Περσέος
1083 3281 1423 3357 καλεομένης
1442 3288 1685 3359 σκοπιῆς
1704 3288 1968 3365 λέγοντες
