2250 3500
311 133 533 200 63-68]
888 135 1340 190 MEAIIOMENH.
1813 139 1910 188 305

308 214 523 274 πολλοὶ
558 213 619 273 δὲ
650 213 743 274 καὶ
782 213 952 278 ὅλους
982 213 1183 292 ἄνδρας
1214 216 1549 294 ἐκδείραντες
1591 216 1683 277 καὶ
1709 216 1906 277 διατεί-

310 327 501 364 ναντες
541 301 632 360 ἐπὶ
672 301 868 373 ξύλων,
913 301 999 361 ἐπ’
1042 303 1224 364 ἵππων
1261 306 1649 382 περιφέρουσι.
1730 309 1909 364 ταῦτα

307 390 415 466 μὲν
434 388 503 464 δή
524 387 665 448 οὕτω
686 395 799 464 σφι
822 389 1164 466 νενόμισται.
1215 391 1402 454 Aah-‹is-
1429 393 1488 450 δὲ
1512 393 1612 456 τοῖς
1639 392 1906 468 κεφαλᾶς,
1926 394 2001 452 65

310 475 379 536 οὔ
429 501 487 536 τι
538 475 759 536 πάντων
809 476 967 536 άλλοὶ
1004 480 1115 538 τῶν
1164 479 1454 558 ἐχθίστων,
1495 482 1720 538 ποιεῦσι
1757 480 1908 541 τάδε·

310 561 633 642 ἀποπρίσας
686 564 922 629 ἕκαστος
974 569 1088 626 πᾶν
1137 565 1206 626 τό
1261 567 1442 644 ἔνερθε
1499 570 1612 626 τῶν
1667 565 1908 643 ὀφρύων,

312 652 647 729 ἐκκαθαίρει·
690 652 782 710 καὶ
812 651 883 728 ἢν
920 656 1025 729 μὲν
1064 652 1103 733 ᾖ
1135 655 1329 731 πένης,
1371 654 1404 714 ὁ
1445 653 1506 713 δὲ
1546 654 1744 724 ἔξωθεν
1769 653 1910 730 ὦμο-

309 739 493 816 βοέην
540 738 752 816 μούνην
802 741 1110 818 περιτείνας
1165 740 1309 802 οὕτω
1359 745 1583 821 χρᾶται·
1635 740 1706 819 ἢν
1758 742 1818 800 δὲ
1868 741 1908 821 ᾗ

310 825 607 899 πλούσιος,
643 827 749 902 τήν
778 831 883 904 μὲν
926 826 1225 905 ὠμοβοέην
1257 831 1565 907 περιτείνει,
1604 830 1811 890 ἔσωθεν
1851 830 1912 888 δὲ

312 914 745 995 περιχρυσῷσας
798 914 941 976 οὕτω
992 921 1198 996 χρᾶται
1249 919 1512 997 ποτηρίῳ·
1579 921 1804 978 ποιεῦσι
1851 917 1912 976 δὲ

311 1007 481 1062 τοῦτο
508 1003 601 1080 καὶ
628 1007 689 1062 ἐκ
714 1006 825 1063 τῶν
850 1005 1085 1081 οἰκηΐων,
1106 1003 1177 1080 ἥν
1202 1011 1316 1081 σφι
1341 1004 1604 1083 διάφοροι
1627 1006 1910 1088 γένωνται,

314 1090 410 1150 καὶ
442 1090 513 1167 ἢν
549 1089 895 1171 ἐπικρατήσῃ
928 1089 1095 1152 αὐτοῦ
1137 1092 1293 1171 παρὰ
1315 1098 1392 1172 τῷ
1425 1094 1684 1170 βασιλέϊ·
1726 1094 1913 1164 ξείνων

314 1177 379 1237 δέ
404 1182 459 1238 οἱ
484 1177 760 1240 ἐλθόντων
784 1183 894 1240 τῶν
920 1178 989 1239 ἂν
1022 1179 1200 1261 λόγον
1233 1182 1506 1256 ποιέηται,
1532 1181 1634 1245 τοὶς
1659 1181 1914 1258 κεφαλὰς

314 1266 520 1329 ταύτας
543 1267 873 1345 παραφέρει,
904 1267 995 1326 καὶ
1028 1267 1276 1348 ἐπιλέγει
1303 1266 1374 1330 ὦς
1413 1270 1467 1328 οἱ
1503 1267 1683 1331 ἐόντες
1715 1268 1915 1344 οἰκήῖοι

314 1352 571 1430 πόλεμον
612 1353 1041 1430 προσεθήκαντο
1085 1355 1184 1413 καί
1230 1360 1426 1430 σφεων
1478 1353 1646 1418 ‹uh-63
1688 1354 1914 1430 ἐπεκρά·

313 1463 476 1516 τησε·
514 1440 719 1517 ταύτην
745 1440 1121 1550 α’,νδραγαθιην
1161 1442 1441 1523 λέγοντες.
1513 1440 1708 1510 Απαξ
1732 1441 1790 1500 δὲ
1815 1467 1914 1500 του
1888 1444 2006 1501 “66

317 1531 567 1589 ἐνιαυτοῦ
594 1528 901 1589 ἑκάστουι
868 1555 899 1588 ο
934 1528 1220 1608 νομάρχης
1253 1529 1488 1592 ἕκαστος
1518 1532 1576 1588 ἐν
1599 1530 1676 1606 τῷ
1714 1531 1915 1588 ἑωυτοῦ

316 1619 468 1695 νομῷ
499 1641 658 1696 κιρνα
689 1620 939 1695 κρητῆρα
966 1616 1134 1686 οἴνου,
1161 1615 1256 1676 απ’
1283 1642 1350 1677 ου
1377 1618 1605 1677 πίνουσι
1625 1641 1748 1676 των
1778 1617 1917 1679 Σκυ-

318 1704 459 1765 θέων
508 1704 666 1769 ὅσοις
704 1701 775 1765 ἂν
813 1703 1005 1782 ἄνδρες
1043 1705 1310 1783 πολέμιοι
1355 1703 1715 1784 ἀραιρημένοι
1763 1705 1914 1765 ἔωσι·

315 1796 470 1853 τοῖσι
496 1791 543 1852 δ’
576 1790 645 1854 ἂν
678 1794 761 1871 μή
798 1795 1252 1874 κατεργασμένον
1277 1792 1316 1872 ᾗ
1341 1798 1525 1865 τοῦτο,
1555 1792 1622 1853 ού
1659 1792 1916 1875 γεύονται

316 1884 419 1940 τοῦ
470 1880 623 1942 οἴνου
670 1880 889 1951 τούτου,
944 1880 1075 1941 ἀλλ’
1125 1881 1464 1959 ἠτιμωμένοι
1515 1880 1908 1941 αποκατέαται·

318 1966 526 2032 ὄνειδος
578 1968 642 2027 δέ
681 1969 799 2045 σφί
840 1974 965 2029 ἐστι
1010 1970 1283 2050 μέγιστον
1327 1972 1516 2028 τοῦτο·
1573 1967 1702 2027 ὅσοι
1745 1969 1806 2027 δὲ
1849 1994 1918 2027 αν

319 2055 500 2129 αὐτῶν
527 2057 621 2115 καὶ
647 2054 825 2132 κάρτα
848 2056 1104 2119 πολλοῦς
1141 2054 1340 2131 ἄνδρας
1375 2053 1733 2130 ἅναιρηκότες
1769 2056 1917 2123 ἔωσι,

320 2141 477 2205 οὗτοι
504 2144 564 2203 δὲ
588 2142 794 2205 σύνδυο
822 2142 1049 2207 κύλικας
1077 2144 1312 2221 ἔχοντες,
1339 2141 1565 2201 πίνουσι
1592 2140 1756 2216 ὁμοῦ.

400 2231 645 2295 Μάντιες
677 2231 738 2291 δὲ
773 2231 1028 2297 Σκυθέων
1060 2230 1172 2290 εἰσὶ
1207 2228 1437 2298 πολλοὶ,
1471 2226 1526 2286 οἳ
1556 2225 1920 2303 μαντεύονται
1937 2227 2011 2291 67

319 2318 589 2397 ῥάβδοισι
610 2318 843 2398 ἰτεΐνῃσι
860 2320 1122 2397 πολλῇσι
1139 2314 1261 2377 ὦδε·
1290 2315 1456 2377 ἐπεοῖν
1477 2315 1760 2392 φακέλους
1776 2314 1921 2393 ῥάβ-

321 2407 428 2467 δων
446 2407 729 2489 μεγάλους
755 2406 1077 2479 ἐνείκωνται,
1098 2405 1283 2469 θέντες
1299 2404 1484 2484 χαμαὶ
1503 2403 1922 2473 διεξελίσσουσι

322 2494 539 2557 αύτούς·
568 2496 661 2554 καὶ
686 2495 777 2554 ἐπὶ
802 2492 939 2570 μίαν
958 2492 1198 2569 ἑκάστην
1218 2493 1434 2570 ῥάβδον
1453 2492 1708 2562 τιθέντες,
1726 2492 1919 2553 θεσπί-

323 2584 504 2653 ζουσι·
524 2581 643 2659 ἇμα
656 2607 719 2642 τε
733 2582 995 2662 λέγοντες
1007 2584 1184 2641 ταῦτα
1199 2580 1552 2642 συνειλέουσι
1566 2579 1665 2642 τοὶς
1678 2579 1926 2657 ῥάβδους

323 2668 525 2740 ὀπίσω,
542 2670 634 2729 καὶ
660 2668 812 2733 αὖτις
838 2667 979 2728 κατοὶ
1001 2668 1138 2745 μίαν
1162 2669 1490 2729 συντιθεῖσι·
1522 2666 1660 2741 αὕτη
1686 2666 1790 2741 μέν
1812 2671 1923 2742 σφι

324 2756 363 2832 ἦ
397 2757 637 2838 μαντικὴ
670 2756 922 2834 πατρωιη
958 2756 1202 2817 ἐστι·οἶ
1237 2756 1296 2814 δὲ
1329 2753 1583 2830 Ἐνάρεες
1617 2751 1698 2833 [οι
1733 2750 1924 2829 α’νδρό-

323 2842 507 2926 γυνοι]
531 2844 635 2923 τὴν
657 2844 997 2922 Ἀφροδίτην
1023 2848 1136 2919 σφι
1161 2841 1398 2921 λέγουσι
1422 2840 1692 2916 μαντικήν
1719 2838 1924 2899 δοῦναι·

326 2931 643 3012 φιλύρης’
604 2959 678 2995 ων
713 2934 899 3010 φλοιῷ
932 2928 1314 3008 μαντεύονται·
1357 2926 1524 2986 ἐπεαν
1549 2926 1654 3002 τήν
1680 2925 1926 3004 φιλύρην

325 3019 497 3098 τρίχα
502 3022 729 3131 σχίσῃ,
768 3018 1077 3078 διαπλέκων
1118 3021 1178 3076 ἐν
1214 3018 1366 3076 τοῖσι
1407 3012 1735 3073 δακτύλοισι
1774 3016 1930 3073 τοῖσι

328 3110 531 3167 ἑωυτοῦ
558 3110 650 3168 καὶ
676 3105 914 3167 διαλύων
938 3108 1071 3185 χρᾷ·
1106 3100 1316 3163 Ἐπεαν
1341 3100 1402 3160 δὲ
1424 3099 1763 3177 βασιλευςε
1731 3128 1762 3161 ο
1791 3102 1928 3165 Σκυ-
1948 3101 2025 3160 68

328 3194 471 3255 θέων
505 3194 675 3276 κάμῃ,
698 3193 1120 3273 μεταπέμπεται
1153 3194 1264 3252 τῶν
1298 3188 1538 3266 μαντίων
1563 3178 1763 3266 ανδρας
1787 3192 1934 3267 τρεῖς

327 3304 461 3342 τους
495 3280 911 3388 εὐδοκιμέοντας
944 3278 1218 3356 μάλιστα,
1249 3302 1305 3337 οι
1340 3273 1529 3355 τρόπω
1560 3279 1638 3353 τῷ
1671 3277 1934 3353 εἰρημένω
