2250 3500
300 128 583 194 163—167]
957 130 1284 179 ΕΤΤΕΡῙῙΗ.
1811 135 1900 183 191

292 213 491 277 πτίους
541 209 710 291 ἦσαν,
765 209 859 271 καὶ
905 213 959 271 οἰ
1010 211 1140 288 περὶ
1180 210 1282 272 τᾶν
1326 209 1580 288 ὙΑμασιν
1633 212 1727 272 ε’πὶ
1774 213 1906 277 τοῦς

294 300 523 371 ξείνους.
603 300 665 359 ἔν
700 322 765 359 τε
794 298 865 374 δή
906 299 1204 376 Μωμέμφι
1241 296 1382 358 πόλι
1423 300 1676 380 ἐγένοντο
1717 298 1904 377 α’μφό-

291 411 445 465 τεροι
471 386 563 446 καὶ
589 384 965 462 πειρήσεσθαι
992 389 1235 462 ἔμελλον
1259 385 1548 461 ἀλλήλων.

361 474 537 535 Ἔστι
558 473 618 533 δὲ
638 474 956 555 Αἰγυπτίων
978 473 1119 533 ἔπτιὶ
1138 474 1321 554 γένεα·
1351 473 1443 532 καὶ
1461 472 1669 534 τούτων
1689 478 1742 534 οἰ
1756 477 1860 552 μὲν
1879 476 1996 537 164

292 562 447 640 ἰρέες,
474 565 529 622 οἰ
559 562 620 622 δὲ
644 560 885 641 μάχιμοι
912 561 1222 632 κεκλέαται,
1251 563 1305 621 οἰ
1339 559 1400 621 δὲ
1434 560 1728 637 βουκόλοι,
1758 565 1812 621 οἶ
1839 562 1898 623 δὲ

291 652 571 728 συβῶται,
588 652 643 710 οἶ
670 650 731 709 δὲ
751 648 1013 725 κάπηλοι,
1032 651 1086 709 οἱ
1106 649 1166 708 δὲ
1185 649 1456 726 ἑρμηνέες,
1479 652 1534 709 οἱ
1551 649 1612 708 δὲ
1633 651 1900 726 κυβερνῆ-

288 761 402 798 ται.
444 738 611 819 γένεα
626 738 733 814 μὲν
754 737 1071 818 Αἰγυπτίων
1094 734 1350 797 τοσαῦτά
1375 740 1516 807 ἐστι,
1537 735 1819 814 οὐνόματα
1839 737 1902 798 δέ

290 830 407 900 σφι
447 826 626 886 κέεται
652 824 765 884 dv&
791 828 901 885 τῶν
925 824 1184 903 τεχνέων.
1265 826 1320 884 οἰ
1347 822 1408 883 δὲ
1441 822 1683 903 μάχιμοι
1717 822 1900 886 αὐτῶν

292 912 586 972 καλέονται
621 914 727 990 μὲν
767 911 1118 989 Καλασίριές
1156 937 1220 972 τε
1261 912 1355 976 καὶ
1406 910 1793 990 Ἑρμοτύβιες,
1835 916 1897 973 ἐκ

290 1003 474 1075 νομῶν
498 999 559 1059 δὲ
590 999 764 1060 τῶνδε
789 999 921 1060 εἰσί·
966 998 1109 1060 κατὰ
1143 998 1254 1080 γσῖρ
1287 998 1358 1076 δὴ
1382 998 1586 1077 νομούς
1611 1000 1896 1082 Αἴγυπτος

288 1083 487 1147 ἅπασα
526 1086 893 1165 διαραίρηται.
972 1086 1362 1165 Ἑρμοτυβίων
1402 1089 1508 1164 μὲν
1566 1088 1681 1148 οἶδε
1740 1089 1850 1148 εἰσί
1872 1090 1988 1150 165

288 1176 470 1251 νομοί·
512 1175 865 1254 Βουσιρίτης,
905 1175 1125 1252 Σαΐτης,
1155 1175 1464 1255 Χεμμίτης,
1498 1177 1891 1253 Παπρημίτης,

287 1264 462 1339 νῆσος
486 1262 525 1339 ἦ
544 1266 907 1340 Προσωπῖτις
932 1262 1263 1339 καλεομένη,
1279 1262 1458 1323 Ναθῶ
1480 1263 1548 1323 τό
1573 1262 1770 1340 ἥμισυ.
1831 1270 1894 1325 ἐκ

285 1350 389 1426 μὲν
410 1350 618 1412 τούτων
647 1353 759 1411 τῶν
792 1353 978 1428 νομῶν
1008 1348 1381 1427 Ἑρμοτύβιες
1416 1350 1545 1419 εἰσί,
1585 1350 1890 1431 γενόμενοι,

286 1436 381 1497 ὅτε
409 1438 503 1497 ε’πὶ
527 1440 833 1503 πλείστους
856 1437 1132 1519 γενοίατο,
1162 1436 1448 1497 ἑκκαίδεκα
1473 1436 1752 1515 μυριάδες·
1801 1439 1894 1498 καὶ

283 1524 491 1587 τούτων
528 1527 847 1603 βαναυσίης
889 1524 1065 1587 οὐδεὶς
1110 1523 1342 1601 δεδάηκε
1387 1523 1559 1595 οὐδὲν,
1603 1523 1734 1583 ἀλλ’
1769 1524 1891 1586 α’νέ·

286 1636 441 1674 ονται
481 1618 537 1678 ἐς
572 1613 641 1675 τὰ
680 1612 949 1693 μάχιμον.
1034 1613 1402 1690 Καλασιρίων
1432 1612 1493 1671 δὲ
1527 1611 1643 1672 οἵδε
1677 1610 1848 1673 ἄλλοι
1871 1614 1984 1674 166

284 1702 452 1780 νομοί
474 1706 606 1762 εἰσι·
646 1703 918 1779 Θηβαῖος,
955 1701 1370 1778 Βουβαστίτης,
1410 1698 1700 1779 Ἀφθίτης,
1729 1703 1890 1764 Τανί-

282 1813 398 1866 της,
434 1790 771 1867 Μενδήσιος,
810 1789 1175 1868 Σεβεννύτης,
1207 1789 1552 1868 Ἀθριβίτης,
1579 1791 1887 1868 Φαρβαιθί-

281 1901 397 1953 της,
438 1878 733 1956 Θμουιτης,
764 1877 1119 1955 Ὀνουφίτης,
1151 1876 1428 1947 Ἀνύσιος,
1470 1878 1886 1955 Μυεκφορίτης·

284 1962 447 2030 οὗτος
484 1965 517 2027 ὅ
556 1992 729 2044 νομος
768 1970 827 2026 ε“ν
865 1965 1021 2046 νήσῳ
1061 1966 1242 2036 οἰκέει,
1297 1965 1487 2025 α’ντίον
1529 1964 1888 2040 Βουβάστιος

281 2052 499 2118 πόλιος.
581 2080 737 2115 ουτοι
772 2055 832 2114 δὲ
865 2057 920 2114 οἰ
955 2053 1120 2130 νομοὶ
1157 2052 1526 2129 Καλασιρίων
1562 2053 1692 2111 εἰσί·
1732 2052 1885 2130 γενό-

278 2165 455 2217 μενοι,
482 2141 577 2202 ὅτε
603 2142 695 2203 ε’πὶ
729 2141 1037 2206 πλείστους
1072 2139 1345 2221 ε’γενέατο,
1380 2138 1545 2198 πέντε
1580 2138 1672 2197 καὶ
1709 2138 1890 2198 εἴκοσι

277 2229 541 2307 μυριάδες
580 2227 810 2306 ἀνδρῶν·
863 2227 991 2288 οὐδὲ
1023 2227 1278 2288 τούτοισι
1310 2226 1495 2296 ἔξεστι
1529 2225 1731 2304 τέχνην
1757 2229 1888 2284 ἐπα-

280 2320 499 2392 σκῆσαι
538 2315 813 2394 οὗδεμίαν,
848 2315 1006 2375 ἀλλὰ
1042 2313 1115 2376 τοῖ
1157 2319 1214 2378 ἐς
1251 2313 1506 2392 πόλεμον
1545 2313 1890 2373 ἐπασκέουσι

277 2406 477 2481 μοῦνα,
503 2408 637 2468 παῖς
660 2404 815 2481 παρὰ
840 2401 1057 2481 πατρὸς
1083 2401 1454 2479 ἐκδεκόμενος.
1523 2405 1596 2462 Εἰ
1621 2403 1726 2478 μέν
1751 2428 1848 2463 νυν
1867 2403 1980 2463 167

280 2488 565 2552 καὶτοῦτο
600 2489 733 2569 παρ’
757 2491 1075 2573 Αἰγυπτίων
1108 2489 1472 2570 μεμαθήκασι
1503 2493 1560 2551 οἰ
1591 2491 1887 2568 Ἕλληνες,

280 2577 384 2638 οὐκ
436 2579 545 2658 ἔχω
584 2578 851 2657 α’,τρεκέως
894 2581 1089 2657 κρῖναι,
1146 2578 1317 2657 ὁρέων
1369 2579 1463 2638 καὶ
1503 2577 1749 2656 Θρήϊκας
1795 2579 1889 2638 καὶ

281 2665 503 2730 Σκύθας
534 2668 627 2726 καὶ
658 2667 894 2745 Πέρσας
926 2665 1019 2726 καὶ
1054 2666 1287 2736 Αυδούς,
1316 2667 1409 2725 καὶ
1443 2665 1652 2744 σχεδὸν
1676 2663 1888 2728 πάντας

277 2752 410 2816 τούς
458 2754 811 2832 βαρβάρους,
866 2752 1302 2831 ἀποτιμοτέρους
1351 2756 1462 2813 τῶν
1513 2750 1708 2811 ἄλλων
1750 2749 1889 2831 ἥγη-

276 2842 480 2918 μένους
502 2842 817 2918 πολιητέων
849 2867 981 2906 τους
1007 2867 1109 2906 τας
1150 2842 1350 2920 τέχνας
1387 2837 1767 2917 μανθάνοντας
1793 2838 1886 2897 καὶ

276 2953 411 2993 τους
450 2929 708 3012 ἐκγόνους
745 2928 973 2991 τούτων·
1014 2953 1146 2993 τους
1176 2928 1237 2988 δὲ
1271 2925 1742 3006 ἀπαλλαγμένους
1778 2929 1890 2985 τῶν

277 3018 675 3094 χειρωναξιέων
712 3017 997 3098 γενναίους
1034 3015 1430 3094 νομιζομένους
1468 3013 1624 3082 εἶναι,
1653 3012 1746 3072 καὶ
1781 3011 1887 3089 μά-

276 3107 458 3164 λιστα
482 3129 615 3170 τους
642 3110 697 3169 ἐς
720 3105 821 3166 τὸν
846 3104 1102 3180 πόλεμον
1127 3102 1462 3179 ἀνειμένως.
1526 3099 1890 3177 μεμαθήκασι

279 3189 331 3250 δ’
358 3190 432 3252 ὧν
455 3196 624 3253 τοῦτο
658 3191 862 3256 πάντες
895 3194 951 3250 οἱ
968 3191 1266 3266 Ἕλληνες,
1305 3188 1396 3247 καὶ
1424 3186 1682 3266 μάλιστα
1711 3193 1890 3246 Λακε-

279 3279 576 3358 δαιμόνιοι.
620 3279 831 3357 ἥκιστα
864 3277 925 3338 δὲ
959 3278 1250 3354 Κορίνθιοι
1275 3277 1511 3336 ’ὄνονται
1540 3273 1669 3338 τούς
1706 3300 1888 3353 χειρο-
