2250 3500
372 115 651 181 138—140]
1028 118 1295 169 eAAmA.
1865 126 1962 173 269

366 196 599 273 θύμησε’
616 200 719 274 τῆς
748 195 1016 277 χλανίδος
1047 199 1140 257 καὶ
1171 197 1345 273 αὐτὴν
1377 200 1712 277 προσελθῶν
1752 200 1969 263 ῶνέετο·

366 283 400 343 ὅ
424 285 485 344 δὲ
511 287 785 349 Συλοσῶν
812 284 985 362 ὀρέων
1010 284 1110 344 τόν
1138 290 1380 362 Δαρεῖον
1412 288 1670 369 μεγάλως
1711 289 1966 365 ἐπιθυμέ-

366 397 502 433 οντα
525 376 627 449 τῆς
651 373 935 451 χλανίδος,
964 373 1087 450 θείῃ
1106 372 1252 451 τύχῃ
1277 374 1587 451 χρεώμενος
1611 376 1784 456 λέγει·
1813 382 1885 413 “
1859 404 1966 457 εγω

360 460 571 536 ταύτην
622 461 820 519 πωλέω
870 462 976 536 μὲν
1028 459 1248 522 ούδενός
1298 460 1605 539 χρήματος·
1666 463 1859 541 δίδωμι
1905 464 1966 525 δὲ

361 544 553 611 ἄλλως
579 548 631 607 εἴ
652 573 759 625 περ
786 546 929 607 οὕτω
955 547 1042 606 δεῖ
1055 547 1371 629 γενέσθαι·”
1398 548 1614 613 πάντως
1632 574 1720 609 τοι
1740 552 1964 617 αἰνέσας

358 638 537 695 ταῦτα
561 634 594 695 ὅ
622 638 859 711 Δαρεῖος
882 635 1324 711 παραλαμβάνει
1350 636 1417 695 τὰ
1446 636 1592 712 εἷμα.
1661 637 1694 697 ὅ
1719 640 1824 714 μὲν
1850 639 1918 715 δὴ
1939 641 2055 703 140

362 724 635 786 Συλοσῶν
659 720 943 798 ἠπίστατό
970 725 1025 781 οἶ
1047 726 1216 783 τοῦτο
1241 722 1598 783 ἀπολωλέναι
1623 723 1692 783 δι’
1719 722 1960 801 εύηθίην·

359 808 431 872 ὥς
470 810 531 870 δὲ
568 814 668 871 τοῦ
702 809 908 889 χρόνου
943 811 1350 887 προβαίνοντος
1377 810 1704 888 Καμβύσης
1731 838 1796 874 τε
1830 812 1960 874 α’πέ-

358 896 493 957 θανε
533 898 624 958 καὶ
659 902 737 977 τῷ
763 896 947 977 Μάγῳ
973 898 1364 974 ἐπανέστησαν
1391 903 1444 958 οἳ
1471 897 1627 970 ἐπεὶ,
1646 900 1737 959 καὶ
1764 906 1824 960 ἐκ
1849 905 1960 963 τῶν

359 984 498 1045 ἔπταῖ
552 989 791 1063 Δαρεῖος
840 985 947 1062 τῆν
986 987 1303 1063 βασιληίην
1347 989 1500 1065 ἔσχε,
1541 987 1876 1049 πυνθάνεται
1921 989 1956 1051 6

358 1074 631 1136 Συλοσῶν
658 1072 728 1137 ῶς
752 1073 791 1149 ἦ
817 1074 1102 1149 βασιληίη
1127 1074 1526 1150 περιεληλύθοι
1553 1080 1609 1138 ἐς
1633 1080 1832 1138 τοῦτον
1855 1077 1954 1138 τᾶν

354 1158 545 1238 ἄνδρα,
573 1166 651 1241 τῷ
677 1163 803 1220 κοτὲ
830 1160 996 1223 αὐτὸς
1034 1160 1196 1220 ἔδωκε
1231 1166 1290 1221 ἐν
1317 1162 1580 1241 Αἰγύπτῳ
1608 1162 1854 1239 δεηθέντι
1879 1164 1946 1225 τὸ

355 1248 502 1325 εἷμα·
544 1248 764 1326 ἅναβιὶς
796 1249 855 1309 δὲ
888 1253 943 1312 ἐς
972 1248 1045 1308 ταῖ
1087 1250 1282 1312 Σοῦσα
1317 1249 1462 1320 ἵζετο
1504 1254 1560 1312 ἐς
1591 1249 1662 1308 τὰ
1701 1252 1954 1328 πρόθυρα

351 1338 460 1395 τῶν
500 1338 780 1412 βασιλέος
832 1337 1030 1407 οἰκίων,
1080 1336 1174 1393 καὶ
1225 1336 1336 1411 ἔφη
1384 1336 1624 1412 Δαρείου
1667 1335 1954 1419 εὐεργέτης

284 1468 295 1479 .
354 1422 509 1481 εἶναι·
544 1422 813 1505 ἀγγέλλει
838 1427 1015 1483 ταῦτα
1042 1420 1289 1485 οἰκούσας
1315 1421 1354 1503 ὅ.
1373 1422 1653 1499 πυλουρὸς
1677 1427 1754 1501 τῶ
1778 1426 1950 1499 βασι·

349 1511 458 1580 λέῖ,
487 1510 520 1571 ὅ
546 1506 606 1571 δὲ
634 1511 933 1589 θωυμάσας
957 1511 1114 1590 λέγει
1149 1510 1289 1587 πρός
1315 1508 1502 1570 αὐτόν·
1543 1519 1582 1546 “
1600 1510 1694 1569 καὶ
1717 1512 1801 1574 τίς
1829 1516 1952 1574 ἔστι

348 1596 636 1673 Ἑλλήνων
678 1598 980 1680 εὕεργέτης,
1008 1595 1049 1676 ᾧ
1081 1597 1190 1678 ε’γῶ
1221 1598 1587 1676 προαιδεῦμαι
1611 1599 1812 1658 νεωστὶ
1845 1602 1950 1676 μὲν

346 1684 450 1761 τήν
490 1684 673 1766 οἶρχήν
713 1688 887 1766 ἔχων;
931 1684 1259 1763 οἷναβέβηκε
1299 1685 1362 1745 δὲ
1396 1686 1482 1750 τίς
1523 1684 1584 1770 [ἢ
1627 1684 1826 1770 οὐδείς]
1873 1714 1950 1750 κω

346 1773 477 1850 παρ’
518 1775 695 1851 η’μέας
738 1774 950 1845 αὖτῶν;
1007 1776 1115 1853 ἔχω
1158 1775 1219 1834 δὲ
1262 1776 1428 1854 χρέος
1469 1774 1540 1839 ὥς
1581 1778 1752 1836 εἰπεῖν
1792 1775 1948 1838 οὐδὲν

346 1860 545 1938 α’νδρὸς
571 1862 872 1940 Ἕλληνος.
940 1862 1088 1938 ὅμως
1114 1861 1176 1922 δὲ
1199 1861 1370 1924 αύτὸν
1395 1863 1676 1945 παράγετε
1703 1865 1829 1936 ἔσω,
1859 1865 1948 1925 ἵνα

347 1949 498 2008 εἰδέω
536 1952 599 2010 τί
634 1951 811 2010 θέλων
850 1951 1006 2031 λέγει
1044 1948 1272 2009 rastra?
1339 1954 1562 2031 παρῆγε
1597 1950 1629 2009 6
1669 1951 1947 2028 πυλουρός

343 2035 443 2096 τόν
485 2039 846 2102 Συλοσῶντα·
900 2036 1115 2097 στάντα
1157 2036 1218 2094 δὲ
1271 2041 1327 2099 ές
1371 2037 1552 2112 μέσον
1594 2036 1846 2112 εἰρώτευν
1891 2041 1946 2098 οἱ

344 2127 600 2202 ἑρμηνέες
637 2126 722 2189 τίς
754 2151 819 2187 τε
855 2125 955 2200 εἴη,
986 2125 1079 2183 καὶ
1108 2124 1171 2185 τί
1199 2147 1443 2196 ποιησας
1481 2121 1769 2203 εὐεργέτης
1795 2125 1944 2200 φησὶ

343 2210 483 2272 εἶναι
507 2214 819 2289 βασιλέος·
805 2259 821 2284 ,
865 2213 987 2272 εἶπε
1020 2211 1095 2271 ὧν
1127 2210 1159 2271 ὁ
1192 2212 1466 2276 Συλοσῶν
1495 2209 1681 2269 πάντα
1712 2235 1785 2268 τα
1816 2212 1944 2288 περὶ

339 2298 446 2375 τήν
490 2301 733 2380 χλανίδα
776 2300 1064 2382 γενόμενα,
1108 2298 1201 2358 καὶ
1243 2297 1314 2362 ὥς
1362 2296 1527 2362 αύτος
1571 2299 1654 2373 εἴη
1697 2301 1871 2362 κεῖνος
1909 2298 1944 2360 ὅ

340 2387 487 2452 δούς·
529 2387 825 2466 ἀμείβεται
863 2388 1003 2466 πρὸς
1036 2391 1214 2449 ταῦτα
1256 2391 1580 2472 Δαρεῖον(
1583 2385 1660 2447 ’ὦ
1698 2386 1940 2468 γενναιό-

338 2501 472 2536 τατε
498 2476 727 2554 ἀνδρῶν,
745 2475 821 2537 σύ
848 2480 1023 2540 κεῖνος
1050 2476 1103 2535 εἴ
1124 2474 1188 2540 ὃς
1215 2476 1338 2552 ἐμοὶ
1365 2475 1627 2553 οὐδεμίαν
1655 2476 1843 2554 ἔχοντί
1864 2502 1941 2536 κω

340 2563 571 2640 δύναμιν
612 2565 827 2634 ἔδωκας,
872 2568 919 2624 εἰ
955 2564 1048 2623 καὶ
1082 2563 1331 2642 σμικράς
1375 2564 1506 2624 ἀλλ’
1539 2564 1614 2625 ὧν
1655 2565 1755 2640 ἴση
1795 2589 1862 2644 γε
1896 2563 1936 2640 ἤ

334 2651 499 2730 χάρις
530 2651 733 2730 ομοίως
774 2677 845 2716 ως
871 2655 920 2711 εἰ
945 2655 1043 2712 νῦν
1070 2653 1232 2714 κοθέν
1256 2678 1313 2712 τι
1336 2654 1485 2732 μέγα
1512 2651 1776 2726 λάβοιμι·
1818 2650 1936 2710 ἄνθ’

336 2765 413 2798 ων
451 2764 541 2800 τοι
578 2765 797 2818 χρυσον
828 2740 920 2799 καὶ
952 2738 1193 2832 ἄργυρον
1225 2738 1470 2798 ἄπλετον
1503 2736 1711 2812 δίδωμι,
1746 2761 1818 2799 ως
1853 2736 1938 2812 μή

335 2827 469 2886 κοτέ
503 2853 593 2888 τοι
632 2827 1016 2905 μεταμελήσει
1056 2823 1298 2904 Δαρεῖον
1335 2825 1436 2885 τόν
1473 2821 1829 2886 Ὑστάσπεος
1875 2823 1935 2883 εὖ

310 2915 689 2991 ’ποιήσαντι’·”
740 2917 897 2995 λέγει
935 2913 1076 2992 πρός
1112 2916 1292 2973 ταῦτα
1331 2938 1364 2970 ο
1406 2912 1698 2976 Συλοσῶν·
1753 2911 1930 2986 “ε’μοὶ

330 3001 477 3080 μήτε
510 3003 745 3083 χρυσᾶν,
782 3002 825 3062 ὧ
857 3005 1125 3080 βασιλεῦ,
1153 2998 1297 3076 μήτε
1330 2996 1571 3080 ἄργυρον
1601 2996 1772 3066 δίδου,
1801 2995 1933 3056 ἀλλ’

330 3088 769 3168 ἀνασωσάμενός
802 3115 904 3167 μοι
939 3089 1031 3152 86«,-
1056 3113 1160 3163 την
1184 3086 1424 3163 πατρίδα
1453 3084 1660 3161 Σάμον,
1688 3083 1792 3160 τήν
1817 3088 1931 3155 νῦν,

330 3177 615 3254 α’δελφεοΰ
653 3182 755 3237 τοῦ
796 3181 931 3254 ε’μοΰ
969 3173 1366 3251 Πολυκράτεος
1405 3172 1782 3234 ἀποθανόντος
1819 3169 1931 3230 ὖπό
2221 3170 2228 3291 Ι

328 3263 613 3341 Ὀροίτεω,
641 3267 755 3344 ἔχει
780 3265 981 3325 δοῦλος
1004 3262 1291 3340 ἡμέτερος·
1331 3260 1538 3336 ταύτην
1560 3284 1658 3335 μοι
1685 3257 1778 3320 δός
1801 3255 1930 3316 ἄνευ
