2250 3500
342 137 563 205 αις-23]
1025 142 1292 193 eAAmA.
1842 144 1939 193 213

344 218 631 296 Μακάρων
646 225 839 297 νῆσος·
872 225 928 285 ἐς
950 224 1056 298 μὲν
1080 221 1152 297 δή
1177 226 1376 283 τοῦτον
1396 222 1500 284 τὰν
1521 226 1706 302 χῶρον
1731 223 1958 303 λέγεται

344 305 647 367 ἀπικέσθαι
670 309 770 367 τόν
796 307 1160 384 στρατόν·τό
1189 309 1435 369 ἐνθεῦτεν
1461 308 1596 380 δὲ’
1565 336 1651 369 οτι
1676 309 1758 386 μή
1785 310 1943 370 αὐτοὶ

343 391 653 470 Ἀμμωνιοι
680 396 771 453 καὶ
803 398 857 453 οἶ
895 394 1105 456 τούτων
1143 395 1498 465 ἀκούσαντες,
1526 396 1697 457 ἄλλοι
1729 398 1944 463 οὐδένες

346 479 569 542 ουδὲν
540 506 737 561 εχουσι
773 486 944 541 εἰπεῖν
984 484 1113 560 περὶ
1158 482 1357 542 αὐτῶν·
1399 481 1526 542 οὔτε
1565 510 1676 564 γαρ
1719 490 1776 548 ἐς
1812 510 1946 551 τους

341 565 745 646 Ἀμμωνίους’
709 570 974 630 απίκοντο
994 570 1119 630 οὔτε
1145 569 1330 631 ὀπίσω
1351 569 1684 645 ἐνόστησαν·
1719 572 1945 653 λέγεται

346 655 407 714 δὲ
449 658 541 715 καὶ
581 656 713 716 τάδε
756 655 849 716 ὑπ’
895 656 1075 717 αύτῶν
1118 657 1462 735 Ἀμμωνίων·
1511 657 1700 733 ἐπειδὴ
1746 662 1807 716 ἐκ
1845 664 1947 735 τῆς

344 742 579 809 Ὀάσιος
622 744 825 821 ταύτης
878 746 1016 805 ἰέναι
1058 744 1151 805 ὃιοὶ
1189 749 1291 821 τῆς
1332 742 1568 824 ψάμμου
1609 746 1701 805 ἐπὶ
1743 746 1944 821 σφέας,

346 833 611 912 γενέσθαι
648 856 711 891 τε
752 831 951 895 αὐτοῦς
988 832 1198 909 μεταξύ
1237 859 1338 893 κου
1376 832 1634 910 μάλιστα
1675 831 1854 894 αὐτῶν
1881 859 1946 895 τε

350 919 442 977 καὶ
480 923 583 994 τῆς
618 918 869 990 Ὀάσιος,
908 918 1142 997 ἄριστον
1173 921 1546 999 αἱρεομένοισι
1579 920 1802 981 αὖτοῖσι
1832 927 1946 981 ἐπι-

347 1010 582 1067 πνεῦσαι
622 1007 785 1069 νότον
814 1008 994 1090 μέγαν
1026 1034 1091 1068 τε
1137 1008 1229 1068 καὶ
1263 1009 1525 1080 ἐξαίσιον,
1569 1010 1847 1087 φορέοντα
1886 1010 1946 1070 δέ

348 1095 503 1159 θῖνας
553 1098 655 1171 τῆς
707 1094 941 1173 ψάμμου
981 1096 1314 1175 καταχῶσαί
1355 1102 1558 1172 σφεας·
1627 1097 1718 1155 καὶ
1755 1097 1946 1177 τρόπῳ

345 1181 577 1262 τοιούτῳ
602 1182 1005 1259 ἀφανισθῆναι.
1084 1183 1391 1262 Ἀμμώνιοι
1415 1186 1519 1259 μὲν
1544 1181 1686 1243 οὕτω
1710 1185 1947 1266 λέγουσι

346 1272 611 1350 γενέσθαι
634 1271 763 1346 περὶ
786 1274 887 1346 τῆς
912 1275 1181 1349 στρατιῆς
1203 1271 1422 1347 ταύτης.

427 1356 767 1440 Ἀπιγμένου
792 1358 853 1417 δὲ
880 1358 1214 1434 Καμβύσεω
1241 1364 1296 1421 ἐς
1316 1359 1555 1434 Μέμφιν
1581 1357 1760 1435 ἐφάνη
1782 1363 1946 1440 Αἰγυ-
1964 1361 2038 1419 27

347 1446 564 1507 πτίοισι
604 1446 637 1507 ὅ
667 1446 852 1517 ''A-me,
892 1445 996 1507 τᾶν
1023 1446 1306 1522 Ἕλληνες
1339 1444 1610 1522 Ἔπαφον
1661 1447 1946 1507 καλέουσι·

348 1533 649 1609 ἐπιφανέος
678 1534 738 1595 δὲ
766 1533 967 1594 τούτου
999 1533 1321 1615 γενομένου,
1347 1530 1545 1592 αὐτίκα
1571 1535 1626 1591 οἶ
1652 1532 1948 1613 Αἰγύπτιοι

348 1620 549 1697 εἵματά
572 1647 637 1682 τε
662 1621 899 1699 ἐφόρεον
915 1620 988 1682 vd
1015 1620 1302 1681 κάλλιστα
1327 1620 1420 1679 καὶ
1443 1619 1593 1697 ἦσαν
1613 1625 1672 1679 ἐν
1695 1620 1946 1699 θαλίῃσι·

348 1707 475 1770 ἰδών
520 1708 581 1769 δὲ
619 1714 795 1770 ταῦτα
829 1708 961 1773 τοῦς
992 1710 1332 1790 Αἰγυπτίους
1373 1712 1667 1773 ποιεῦντας
1709 1708 1740 1769 ὁ
1785 1714 1946 1786 Καμ-

345 1796 551 1873 βύσης,
576 1797 769 1879 πάγχυ
804 1798 989 1874 σφέας
1027 1797 1333 1870 καταδόξας
1367 1801 1567 1858 ἑωυτοῦ
1605 1801 1784 1861 κακῶς
1808 1797 1947 1875 πρή-

347 1883 544 1953 ξαντος
580 1884 915 1964 χαρμόσυνα
948 1890 1123 1946 ταῦτα
1163 1888 1387 1957 ποιέειν,
1430 1885 1622 1946 ἐκάλεε
1661 1886 1792 1949 τούς
1835 1890 1948 1944 ἐπι-

345 1971 586 2048 τρόπους
640 1978 743 2048 τῆς
799 1973 1085 2049 Μέμφιος·
1171 1971 1538 2050 ἀπικομένους
1594 1973 1655 2031 δὲ
1709 1977 1764 2036 ἐς
1817 1971 1948 2050 ὄψιν

348 2060 524 2136 εἴρετο
560 2059 594 2120 ὅ
633 2087 691 2121 τι
729 2060 1005 2139 πρότερον
1042 2063 1148 2137 μὲν
1188 2059 1373 2123 ἐόντος
1413 2059 1580 2118 αὐτοῦ
1622 2064 1680 2118 ἐν
1721 2061 1943 2134 Μέμφι,

348 2149 567 2208 ἐποίευν
622 2153 875 2209 τοιοῦτον
928 2147 1087 2208 οὐδὲν
1139 2145 1453 2228 Αἰγύπτιοι,
1505 2144 1634 2205 τότε
1697 2145 1773 2215 δὲ,
1827 2146 1950 2205 ἐπεὶ

347 2233 514 2299 αύτός
550 2238 751 2314 παρείη
789 2240 893 2312 τῆς
931 2239 1200 2313 στρατιῆς
1245 2233 1466 2308 πλῆθός
1503 2258 1560 2292 τι
1599 2231 1945 2308 άποβαλῶν;

348 2326 403 2383 οἶ
436 2324 499 2382 δὲ
540 2325 783 2402 ἔφραζον
823 2324 894 2388 ὥς
933 2331 1047 2400 σφι
1086 2323 1214 2386 θεός
1254 2323 1338 2398 εἴη
1381 2322 1574 2397 φανεὶς
1613 2320 1718 2386 διδ.
1741 2320 1948 2401 χρόνου

345 2415 569 2470 πολλοῦ
622 2412 801 2476 ἐωθῶς
852 2411 1266 2488 ἐπιφαίνεσθαι,
1307 2410 1404 2469 καὶ
1449 2410 1522 2474 ὥς
1567 2409 1733 2470 ἐπεὰν
1774 2413 1946 2490 φανῇ,
1995 2435 2004 2444 ·

342 2497 476 2558 τότε
526 2498 728 2563 πάντες
782 2503 837 2560 οἶ
876 2500 1172 2581 Αἰγύπτιοι
1224 2498 1590 2579 κεχαρηκότες
1641 2497 1944 2576 ὁρτάζοιεν·

344 2590 523 2646 ταῦτα
556 2585 803 2658 οἰκούσας
831 2586 864 2648 ὅ
905 2586 1233 2665 Καμβύσης
1263 2589 1374 2664 ἔφη
1410 2587 1721 2666 ψεύδεσθαί
1739 2593 1944 2662 σφεας·

349 2675 441 2734 καὶ
482 2674 554 2738 ὥς
597 2675 967 2753 ψευδομένους
1006 2675 1226 2754 θανάτῳ
1267 2676 1509 2750 ἐζημίου.
1589 2672 1948 2744 Ἀποκτείνας
1964 2675 2040 2731 28

347 2762 409 2822 δὲ
459 2762 704 2834 τούτους,
758 2762 985 2840 δεύτερα
1034 2762 1168 2826 τούς
1233 2763 1381 2839 ἱρέας
1436 2760 1630 2820 ἐκάλεε
1684 2765 1739 2823 ἐς
1792 2757 1944 2836 ὄψιν·

344 2850 625 2931 λεγόντων
650 2851 711 2910 δὲ
737 2850 879 2911 κατοὶ
902 2850 975 2911 τὰ
1000 2849 1143 2910 αὐτοὶ
1167 2854 1277 2909 τῶν
1305 2850 1477 2924 ἱρέων,
1506 2845 1571 2906 οὗ
1605 2846 1807 2922 λήσειν
1833 2847 1944 2922 ἔφη

345 2938 518 3000 αὐτόν
555 2943 607 2999 εἰ
646 2937 772 3019 θεός
813 2964 900 3003 τις
950 2937 1248 3018 χειροήθης
1301 2935 1604 3016 ἀπιγμένος
1644 2935 1728 3010 εἴη
1781 2937 1948 3014 Αἰγυ-

342 3028 583 3088 πτίοισι·
652 3031 905 3088 τοσαῦτα
956 3027 1017 3086 δὲ
1070 3027 1244 3094 εἶπας,
1299 3022 1525 3104 ἐπάγειν
1578 3023 1798 3081 ἐκέλευε
1847 3021 1950 3082 τόν

333 3113 510 3176 Ἀπιν
534 3140 666 3179 τους
691 3115 857 3193 ιρέας·
900 3141 953 3173 οι
934 3115 1080 3191 ομὲν
1112 3112 1182 3189 δὴ
1211 3111 1487 3188 μετήῖσαν
1515 3108 1757 3179 αξοντες·
1798 3109 1856 3187 (ο
1881 3109 1944 3169 δὲ

308 3201 508 3266 ·”Απις
547 3202 708 3267 οὗτος
746 3202 804 3284 [ὅ
838 3201 1148 3283 Ἔπαφος,]
1184 3200 1398 3282 γίνεται
1441 3195 1664 3276 μόσχος
1703 3202 1765 3256 ἐκ
1802 3196 1948 3273 Bous·

342 3289 469 3368 ἥτις
534 3289 719 3351 ουκέτι
780 3290 873 3366 οἴη
926 3314 993 3350 τε
1054 3290 1268 3368 γίνεται
1323 3292 1380 3351 ἐς
1443 3285 1696 3366 γαστέρα
1762 3283 1948 3346 ἄλλον
