2250 3500
323 134 511 213 33-11]
894 150 1357 201 mmnommn.
1826 152 1924 202 283

323 226 419 288 σύ·
462 227 573 288 εἴτε
604 225 779 287 αὖτοῧ
813 228 1114 301 κατοικίζω,
1148 227 1334 308 χῶρης
1365 228 1477 310 γοῖρ
1511 228 1690 306 τῆσδε
1723 229 1832 309 ἔχω
1855 230 1924 291 τό

323 314 524 392 κράτος
550 313 709 391 αὐτὴ,
738 315 847 375 εἴτε
881 314 1198 393 ἀποπέμπω
1223 316 1378 392 παρσῖ
1411 317 1486 375 σέ
1500 315 1548 385 ;'’
1585 316 1690 393 τήν
1721 320 1825 395 μὲν
1850 316 1922 394 δή

320 406 497 462 ταῦτα
521 406 841 480 ἐπειρωτᾶν·
879 402 981 463 τὸν
1005 402 1065 462 δὲ
1088 404 1327 483 λέγουσι
1360 403 1502 479 πρός
1525 408 1700 464 ταῦτα
1727 408 1918 465 εἰπεῖν·

320 499 359 527 “
374 488 541 549 ἐπεοῖν
558 489 931 566 ἀνδρωθέντας
950 490 1099 567 ἴδηαι
1117 489 1251 553 τούς
1275 490 1494 561 παῖδας,
1518 491 1650 550 τάδε
1675 494 1916 553 ποιεῦσα

318 575 420 637 οὐκ
445 575 515 637 ἂν
545 576 901 653 ἁμαρτάνοις·
940 578 1041 639 τόν
1071 579 1178 655 μὲν
1203 576 1273 638 ἂν
1313 577 1450 657 ὁρᾷς
1489 577 1667 637 αὐτῶν
1690 578 1818 638 τόδε
1849 578 1918 640 τὰ

315 663 484 734 τόξον
514 663 619 724 ὦδε
652 664 1071 743 διατεινόμενον,
1100 666 1194 724 καὶ
1225 668 1306 745 τῷ
1340 666 1582 743 ζωστῆρι
1615 666 1752 745 τῷδε
1778 666 1918 727 κατὰ

224 778 247 791 ·’
312 751 451 812 τάδε
508 752 861 830 ζωννύμενον,
918 757 1122 814 τοῦτον
1180 756 1286 831 μὲν
1349 753 1526 829 τῆσδε
1579 757 1682 829 τῆς
1729 753 1916 834 χῶρης

315 838 582 917 οἰκήτορα
625 844 805 901 ποιεῦ·
873 840 936 905 ὃς
980 839 1028 899 δ’
1070 840 1140 902 ἂν
1178 840 1388 902 τούτων
1427 844 1538 903 τῶν
1591 843 1764 921 ἔργων
1801 845 1914 902 τῶν

314 929 651 1007 ἐντέλλομαι
694 928 945 1004 λίπηται,
994 929 1240 1006 ἔκπεμπε
1287 934 1348 989 ἐκ
1399 932 1502 1005 τῆς
1549 929 1752 1009 χώρης·
1819 929 1914 989 καὶ

311 1018 488 1075 ταῦτα
506 1018 761 1084 ποιεῦσα,
780 1015 919 1092 αὐτή
936 1042 999 1076 τε
1021 1016 1320 1094 εὐφρανέαι
1333 1018 1432 1093 ακαὶ
1456 1017 1528 1077 τοὶ
1545 1019 1913 1095 ἐντεταλμένα

310 1101 622 1177 ποιήσεις.”
700 1102 816 1164 'rav
858 1106 964 1180 μὲν
1009 1104 1079 1181 δὴ
1122 1104 1422 1182 εἰρύσαντα
1471 1108 1586 1165 τῶν
1629 1104 1804 1175 τόξων
1845 1104 1914 1167 τὸ
1932 1107 2008 1168 10

312 1188 517 1267 ἕτερον,
546 1189 669 1271 (δύο
694 1190 804 1271 γοὶρ
831 1191 901 1267 δὴ
926 1192 1156 1268 φορέειν
1185 1192 1319 1257 τέως
1342 1193 1672 1274 Ἡρακλέα,)
1699 1193 1792 1252 καὶ
1813 1192 1914 1254 τᾶν

310 1278 572 1355 ζωστῆρα
610 1278 972 1356 προδέξαντα,
1026 1279 1370 1356 παραδοῦναι
1407 1279 1475 1340 τό
1513 1278 1681 1349 τόξον
1715 1304 1781 1340 τε
1819 1281 1912 1340 καὶ

306 1364 408 1424 τὸν
443 1366 701 1443 ζωστῆρα
734 1368 933 1445 ἔχοντα
966 1365 1050 1426 ἐπ’
1087 1366 1260 1442 ἄκρης
1293 1369 1395 1442 Τῆς
1433 1368 1739 1441 συμβολῆς
1778 1366 1908 1442 φιά-

306 1455 420 1527 λην
467 1456 732 1532 χρυσέην,
773 1454 995 1515 διδόντα
1042 1454 1103 1513 δὲ
1156 1451 1662 1513 ἀπαλλάσσεσθαι·
1701 1452 1806 1529 τήν
1844 1453 1909 1525 δ’,

308 1541 434 1599 ἐπεί
467 1544 520 1600 οῖ
559 1542 889 1622 γενομένους
924 1540 1055 1605 τοῦς
1094 1541 1298 1605 παῖδας
1343 1540 1704 1618 ἀνδρωθῆναι,
1742 1544 1909 1601 τοῦτο

304 1627 413 1703 μέν
461 1634 575 1704 σφι
632 1628 914 1706 οὐνόματα
972 1629 1193 1699 θέσθαι,
1255 1632 1334 1710 τῷ
1389 1632 1495 1706 μὲν
1553 1628 1909 1710 Ἀγάθυρσον

306 1713 507 1788 αὐτῶν,
532 1718 613 1796 τῷ
650 1715 697 1776 δ’
735 1718 981 1798 ἑπομένῳ
1013 1716 1285 1789 Γελωνὸν,
1314 1716 1536 1795 Σκύθην
1569 1717 1630 1778 δὲ
1667 1720 1745 1798 τῷ
1783 1742 1909 1780 νεω-

303 1801 471 1882 τάτῳ·
528 1807 695 1865 τοῦτο
736 1806 798 1865 δὲ
835 1808 939 1881 τῆς
978 1810 1287 1883 ἐπιστολῆς
1336 1807 1692 1885 μεμνημένην
1733 1805 1908 1883 αὐτὴν

304 1895 546 1965 ποιῆσαι
582 1893 657 1953 ταῖ
710 1895 1097 1971 ἐντεταλμένα·
1153 1895 1247 1953 καὶ
1287 1893 1355 1970 δὴ
1411 1893 1508 1954 δύο
1560 1895 1666 1970 μέν
1707 1897 1762 1954 οἳ
1799 1899 1909 1954 τῶν

304 1979 533 2050 παίδων,
572 1978 675 2040 τόν
718 2005 779 2046 τε
818 1979 1176 2062 Ἀγάθυρσον
1217 1980 1311 2039 καὶ
1347 1979 1450 2041 τόν
1488 1979 1759 2051 Γελωνόν,
1801 1981 1902 2040 οὐκ

307 2066 457 2130 οἴους
479 2093 542 2127 τε
565 2069 895 2149 γενομένους
931 2067 1217 2138 ἐξικέσθαι
1249 2065 1392 2144 πρὸς
1421 2064 1520 2127 τᾶν
1544 2067 1908 2143 προκείμενον

306 2151 529 2226 ἄεθλον,
570 2156 832 2235 οἴχεσθαι
885 2160 947 2215 ἐκ
998 2158 1100 2230 τῆς
1152 2152 1339 2233 χιύρης
1380 2152 1758 2229 ἐκβληθέντας
1793 2153 1906 2214 ὖπό

304 2245 407 2318 τῆς
455 2243 797 2324 γειναμένης,
849 2243 949 2303 τόν
1000 2243 1062 2302 δὲ
1112 2240 1386 2304 νεώτατον
1438 2239 1618 2301 αὐτῶν
1665 2241 1903 2317 Σκύθην,

306 2330 724 2402 ἐπιτελέσαντα,
757 2334 1081 2410 καταμεῖναι
1112 2335 1174 2390 ἐν
1210 2333 1284 2409 τῇ
1321 2329 1498 2411 χώρῃ·
1539 2329 1633 2388 καὶ
1663 2329 1776 2391 σ’,πὸ
1803 2332 1909 2406 μὲν

308 2417 530 2483 Σκύθεω
560 2423 663 2480 τοῦ
692 2419 1006 2497 Ἡρακλέος
1039 2417 1306 2501 γενέσθαι
1330 2419 1460 2484 τούς
1491 2419 1598 2479 αἰεὶ
1621 2419 1909 2497 βασιλέας

304 2507 629 2586 γινομένους
667 2506 942 2573 Σκυθέων·
985 2505 1097 2568 <ivd
1139 2508 1199 2567 δὲ
1235 2512 1338 2585 τῆς
1377 2506 1590 2585 φιάλης
1631 2508 1712 2568 ἔτι
1745 2508 1836 2567 καὶ
1867 2512 1924 2571 ἐς

305 2590 438 2653 τόδε
474 2593 685 2670 φιάλας
725 2600 787 2654 ἐκ
824 2598 937 2655 τῶν
975 2594 1272 2673 ζωστήρων
1301 2596 1528 2673 φορέειν
1567 2595 1801 2665 Σκύθας,
1837 2595 1904 2655 τό
1935 2665 1941 2670 ,

306 2679 378 2756 δή
403 2685 611 2757 μοῦνον
634 2681 1082 2763 μηχανήσασθαι
1104 2683 1212 2759 τήν
1234 2684 1451 2762 μητέρα
1468 2681 1676 2760 Σκύθῃ.
1729 2685 1907 2742 ταῦτα

306 2767 367 2827 δὲ
389 2767 682 2845 Ἑλλήνων
708 2774 762 2830 οἱ
786 2769 885 2830 τᾶν
910 2770 1135 2831 Πόντον
1161 2771 1430 2832 οἰκέοντες
1455 2768 1710 2849 λέγουσι.

376 2853 546 2916 Ἔστι
573 2857 633 2918 δὲ
668 2858 761 2917 καὶ
795 2857 974 2922 ἄλλος
1008 2857 1250 2939 λόγος’
1222 2882 1362 2935 εχων
1388 2854 1508 2925 ὦδε,
1534 2859 1611 2934 τῷ
1649 2853 1905 2931 μάλιστα
1923 2857 1994 2916 11

304 2944 593 3027 λεγομένω
632 2945 797 3010 αὖτός
830 2946 1191 3023 πρόσκειμαι·
1234 2943 1452 3009 Σκύθας
1480 2967 1610 3006 τους
1644 2941 1902 3020 νομάδας,

306 3031 586 3097 οικέοντας
639 3038 699 3093 ἐν
747 3037 820 3114 τῇ
870 3033 1057 3112 Ἀσίῃ,
1125 3031 1358 3112 πολέμω
1412 3015 1744 3092 πιεσθέντας
1794 3028 1904 3090 ὕπο

306 3121 735 3203 Μασσαγετέων
760 3123 1019 3202 οιχεσθαι
1056 3120 1360 3197 διαβάντας
1388 3117 1643 3195 ποταμόν
1665 3117 1906 3193 Ἀράξεα

308 3207 401 3268 ἐπὶ
425 3213 537 3290 γῆν
563 3209 667 3286 τὴν
694 3210 1029 3288 Κιμμερίην·
1068 3210 1174 3284 τὴν
1197 3208 1308 3290 γοῗρ
1347 3211 1446 3267 νῦν
1478 3207 1739 3282 νέμονται
1765 3203 1904 3269 Σκύ-

306 3295 421 3366 θαι,
448 3294 589 3373 αὕτη
614 3297 840 3365 λέγεται
863 3296 931 3356 τὰ
954 3295 1202 3357 παλαιὰν
1227 3295 1367 3356 εἶναι
1393 3292 1734 3372 Κιμμερίων·
1771 3290 1904 3356 τοῦς
