2250 3500
321 114 419 164 280
930 112 1300 163 ἪΡοΔοΤοτι·
1789 112 1911 177 [IV.

318 193 387 255 τό
404 194 580 275 γάλα·
612 194 704 253 καὶ
726 194 795 254 τὸ
820 196 925 271 μὲν
943 192 1115 253 αὐτοῦ
1143 192 1517 269 ἐπιστάμενον
1535 192 1928 271 ἀπαρύσαντες

318 282 580 362 ἡγεῦνται
608 282 745 341 εἶναι
770 280 1115 359 τιμιώτερον·
1157 280 1225 341 τό
1253 281 1299 339 δ’
1325 280 1709 357 ὑπιστάμενον
1733 278 1926 355 ἧσσον

318 374 420 429 τοῦ
447 370 653 446 ἑτέρου.
705 370 914 429 τούτων
932 372 1035 446 μὲν
1057 370 1236 428 εἵνεκα
1256 366 1476 427 ἅπαντα
1494 367 1596 427 τόν
1609 366 1680 426 ἂν
1694 367 1928 444 λάβωσι

320 460 377 516 οἶ
418 456 630 522 Σκύθαι
672 460 1037 533 ἐκτυφλοῦσι·
1090 455 1158 515 ού
1197 455 1309 535 γάρ
1353 455 1552 531 ἀρόται
1599 457 1731 525 εἶσὶ,
1771 456 1927 515 ἀλλὰ

254 546 292 603 3
320 544 571 621 νομάδες.
624 544 727 604 Ἐκ
750 544 960 605 τούτων
986 543 1054 619 δὴ
1083 542 1159 603 ὧν
1183 550 1297 617 σφι
1322 546 1434 602 τῶν
1461 542 1677 602 δούλων
1704 545 1928 605 καὶτῶν

320 636 593 713 γυναικιῦν
632 632 919 710 ἐπετράφη
958 635 1168 710 νεότης·
1212 631 1268 689 οἳ
1307 631 1434 689 ἐπεί
1467 655 1532 690 τε
1573 631 1786 706 ἔμαθον
1821 631 1928 707 τῆν

324 721 606 798 σφετέρην
624 720 859 801 γένεσιν,
878 719 1172 795 ἠντιοῦντο
1199 716 1423 777 αὐτοῖσι
1447 721 1705 777 κατιοῦσι
1732 723 1793 777 ἐκ
1813 722 1928 779 τῶν

324 808 553 883 Μήδων·
596 808 689 867 καὶ
722 811 919 885 πρῶτα
942 808 1047 883 μὲν
1075 804 1184 881 τήν
1207 805 1396 884 χώρην
1427 804 1803 882 ἀπετάμοντο,
1831 805 1927 865 τά·

322 901 473 971 φρον
496 894 825 973 ὀρυξάμενοι
857 893 1065 972 εύρέαν,
1092 893 1525 953 κατατείνουσαν
1555 897 1618 952 ἐκ
1649 898 1760 953 τῶν
1784 900 1926 953 Ταυ-

320 986 489 1060 ρικῶν
534 981 737 1057 οὐρέων
783 987 840 1045 ἐς
881 981 987 1056 τήν
1032 984 1290 1040 Μαιῶτιν
1337 981 1560 1058 λίμνην,
1607 980 1752 1059 ἥπερ
1801 984 1926 1042 ἐστὶ

320 1070 585 1150 μεγίστη·
635 1094 779 1146 μετα
825 1068 900 1137 δὲ,
942 1069 1363 1146 πειρεωμένοισι
1409 1068 1727 1144 ἐσβάλλειν
1771 1073 1927 1129 τοῖσι

324 1156 577 1235 Σκύθῃσι
630 1155 1101 1232 ἀντικατιζόμενοι
1155 1155 1456 1235 ἐμάχοντο·
1517 1157 1812 1237 γινομένης
1865 1157 1927 1216 δε

320 1243 507 1324 μάχης
532 1243 827 1315 πολλάκις,
849 1245 942 1303 καὶ
968 1242 1032 1303 οῦ
1061 1243 1374 1319 δυναμένων
1399 1242 1558 1303 ουδέν
1583 1244 1927 1323 πλέονέχειν

320 1336 432 1393 τῶν
469 1333 724 1398 Σκυθέων
757 1336 830 1411 τῇ
859 1331 1034 1411 μάχῃ,
1064 1332 1143 1394 εἷς
1177 1331 1358 1391 αὐτῶν
1395 1331 1551 1401 ἔλεξε
1583 1331 1737 1392 τάδε·
1801 1333 1928 1391 ὀἷα

320 1426 599 1498 ποιεῦμεν,
628 1420 818 1498 ἄνδρες
846 1420 1090 1489 Σκύθαι;
1134 1418 1393 1478 δούλοισι
1422 1422 1578 1479 τοῖσι
1603 1418 1927 1497 ἡμετέροισι

321 1509 650 1588 μαχόμενοι,
678 1509 840 1569 αὐτοί
859 1533 923 1569 τε
954 1507 1267 1570 ἐλάσσονες
1294 1504 1632 1583 κτεινόμενοι
1656 1508 1928 1588 γινόμεθα

324 1598 418 1656 καὶ
433 1598 671 1660 ἐκείνους
688 1597 987 1659 κτείνοντες
1006 1594 1336 1655 ἐλασσόνων
1353 1595 1418 1655 τό
1441 1595 1647 1655 λοιπὸν
1665 1594 1926 1673 ἔρξομεν·

324 1687 421 1743 νῦν
445 1683 521 1743 ὧν
544 1709 645 1761 μοι
670 1683 846 1743 δοκέει
878 1682 1087 1762 αἰχμᾶς
1115 1685 1220 1761 μὲν
1247 1684 1340 1741 καὶ
1370 1681 1510 1753 τόξα
1535 1686 1798 1761 μετεῖναι,
1825 1687 1928 1742 λα-

322 1770 507 1848 βόντα
525 1770 584 1829 δὲ
605 1771 843 1830 ἕκαστον
858 1775 960 1830 τοῦ
983 1772 1158 1829 ἵππου
1182 1771 1287 1846 τήν
1305 1769 1563 1852 μάστιγα
1585 1773 1722 1831 ἱέναι
1741 1771 1930 1832 ἆσσον

324 1857 521 1919 αὐτῶν·
557 1858 726 1937 μέχρι
749 1861 854 1935 μὲν
876 1857 989 1937 γάρ
1019 1857 1193 1936 ὥρεον
1217 1857 1394 1936 ἡμέας
1421 1857 1578 1917 ὅπλα
1603 1859 1845 1937 ἔχοντας,
1875 1863 1930 1918 οῗ.

326 1946 386 2006 δὲ
412 1945 663 2025 ἐνόμιζον
681 1946 871 2024 ὁμοῖοί
890 1972 954 2006 τε
981 1947 1074 2005 καὶ
1103 1947 1167 2016 ἐξ
1191 1945 1396 2022 ὁμοίων
1415 1945 1552 2022 ἡμῖν
1573 1947 1729 2006 εἶναι·
1762 1947 1932 2007 ἐπεοῖν

324 2035 386 2095 δὲ
421 2035 642 2096 ἴδωνται
675 2034 958 2116 μάστιγας
992 2033 1116 2095 ἀντὶ
1151 2033 1342 2094 ὅπλων
1379 2034 1625 2112 ἔχοντας,
1657 2035 1932 2110 μαθόντες

326 2122 399 2186 ὥς
436 2128 546 2184 εἶσι
576 2123 839 2201 ἡμέτεροι
874 2123 1069 2182 δοῦλοι
1106 2122 1200 2180 καὶ
1235 2121 1573 2202 συγγνόντες
1611 2127 1795 2193 τοῦτο,
1829 2122 1931 2182 οὔκ

256 2212 297 2271 4
323 2210 745 2289 ὖπομενέουσι.”
807 2214 998 2270 Ταῦτα
1022 2208 1362 2272 ἀκούσαντες
1391 2213 1445 2268 οἶ
1474 2209 1686 2274 Σκύθαι
1713 2210 1934 2270 ἐποίευν

328 2299 604 2358 ἐπιτελέα·
648 2301 702 2357 οἶ
728 2298 773 2358 δ’
802 2297 1172 2379 ἐκπλαγέντες
1200 2301 1278 2374 τῷ
1301 2296 1591 2377 γινομένῳ,
1616 2301 1719 2374 τῆς
1744 2297 1934 2377 μάχης

324 2411 389 2446 τε
415 2384 756 2446 ἐπελάθοντο
790 2387 883 2444 καὶ
910 2387 1167 2466 ἔφευγον.
1233 2383 1375 2444 οὕτω
1409 2387 1463 2443 οἱ
1495 2383 1708 2449 Σκύθαι
1737 2389 1840 2460 τῆς
1867 2411 1933 2445 τε

325 2471 525 2548 Ἀσίης
560 2471 752 2549 ἦρξαν,
793 2473 886 2532 καὶ
930 2471 1323 2542 ἐξελασθέντες
1359 2470 1512 2536 αὖτις
1552 2471 1663 2533 akra
1701 2472 1931 2548 Μήδων,

332 2561 615 2638 κατῆλθον
647 2561 836 2640 τρόπῳ
866 2560 1096 2642 τοιούτῳ
1124 2566 1180 2624 ἐς
1213 2560 1320 2636 τήν
1357 2559 1658 2640 σφετέρην.
1726 2565 1836 2620 τῶν
1871 2561 1935 2620 δὲ

328 2649 507 2709 εἵνεκα
552 2647 585 2710 ὁ
632 2653 868 2727 Δαρεῖος
910 2649 1188 2710 τίσασθαι
1225 2648 1594 2727 βουλόμενος,
1635 2649 1934 2730 συνήγειρε

332 2736 416 2796 ἐπ’
444 2736 643 2800 αὐτοῦς
668 2736 1009 2815 στράτευμα.

270 2827 310 2882 5
406 2824 506 2888 Ὦς
530 2826 591 2884 δὲ
625 2824 837 2889 Σκύθαι
870 2825 1124 2905 λέγουσι,
1151 2824 1421 2885 νεώτατον
1451 2822 1708 2885 ἁπάντων
1735 2825 1936 2885 ἐθνέων

331 2911 474 2971 εἶναι
514 2911 581 2972 τό
624 2913 922 2988 σφέτερον·
976 2917 1144 2972 τοῦτο
1187 2913 1248 2971 δὲ
1286 2914 1554 3024 γενέσθαι
1595 2910 1716 2972 ὧδε·
1759 2912 1937 2990 ἄνδρα

326 2998 593 3076 γενέσθαι
626 3003 849 3077 πρῶτον
882 3004 940 3058 ἐν
978 3003 1052 3076 τῇ
1090 3004 1168 3080 γῇ
1207 2999 1398 3079 ταύτῃ,
1429 3001 1600 3079 ἐούσῃ
1629 2999 1829 3079 ἐρήμω,
1855 3005 1939 3079 τῷ

330 3082 541 3161 οὕνομα
581 3086 721 3146 εἶναι
758 3087 1090 3166 Ταργίταον·
1133 3090 1237 3145 τοῦ
1278 3088 1338 3146 δὲ
1378 3087 1695 3169 Ταργιτάου
1734 3087 1940 3148 τούτου

330 3168 461 3231 Τοῧς
510 3172 706 3234 τοκέας
766 3174 1005 3252 λέγουσι
1064 3173 1221 3243 εἶναι,
1277 3175 1403 3251 ἐμοὶ
1462 3177 1568 3252 μὲν
1628 3174 1695 3234 οὗ
1753 3201 1940 3236 πιστα

331 3250 606 3329 λέγοντες,
630 3258 869 3337 λέγουσι
894 3258 1012 3317 δ”
973 3285 1046 3319 ων
1072 3259 1186 3318 Δία
1210 3285 1273 3319 τε
1301 3262 1393 3321 καὶ
1422 3262 1806 3340 Βορυσθένεος
1834 3267 1942 3323 τοῦ
