2250 3500
350 129 576 195 87-90]
1053 133 1280 182 xfflm.
1494 183 1501 191 ,
1896 133 1961 179 4⁵

355 212 604 322 φέρουσί
627 235 692 270 τε
723 211 826 270 καὶ
849 209 1057 290 ἄγουσι
1090 210 1165 270 τά
1202 211 1302 271 σά.
1263 209 1333 233 '¹’
1414 211 1583 320 Κύρῳ
1606 212 1667 272 δὲ
1706 212 1961 287 ἐπιμελὲς
1978 211 2055 270 89

353 298 576 377 ἐγένετο
611 297 683 357 τά
725 302 976 374 Κροῖσος
1017 298 1157 358 εἶπε·
1198 299 1699 377 μεταστησάμενος
1736 299 1798 358 δὲ
1833 323 1965 361 τους

353 383 584 455 ἄλλους,
612 386 790 462 εἴρετο
824 386 1137 463 Κροῖσον”
1104 413 1139 446 ο
1163 411 1222 446 τι
1250 389 1307 446 οἱ
1336 386 1541 466 ἐνορῶη
1568 392 1627 447 ἐν
1650 389 1805 447 τοῖσι
1838 411 1963 446 ποι·

355 475 672 549 ευμένοισι;
711 473 744 533 ὁ
771 473 911 533 δὲ’
858 499 996 533 ειπε·
1030 475 1201 533 “ἐπεί
1220 497 1285 534 τε
1308 499 1382 552 με
1409 476 1527 534 θεοὶ
1555 475 1733 535 δῶκαν
1758 473 1963 536 δοῦλόν

355 585 469 630 σοι,
488 561 680 620 δικαιῶ
701 562 823 622 εἴτι
845 562 1042 639 ἐνορέω
1059 562 1239 622 πλέον
1259 563 1551 639 σημαίνειν
1577 587 1692 622 σοι.
1736 563 1961 639 Πέρσαι

355 647 536 722 φύσιν
575 648 756 714 ἐόντες
793 649 1082 726 ὖβρισταὶ,
1128 650 1241 709 εἰσὶ
1279 648 1617 729 ἀχρήματοι·
1660 647 1730 724 ἢν
1772 648 1847 708 ὧν
1884 649 1961 709 σι)

352 735 582 799 τούτους
641 737 889 816 περιίδῃς
946 737 1362 815 διαρπάσαντας
1420 737 1513 796 καὶ
1572 737 1960 816 κατασχόντας

351 823 616 901 χρήματα
645 825 888 906 μεγάλα,
927 825 1061 884 τάδε
1093 852 1184 887 τοι
1224 826 1287 896 ἐξ
1320 823 1500 886 αὑτων
1541 825 1772 894 ἐπίδοξα
1808 824 1959 904 γενέ·-

357 912 514 970 σθαι·
547 912 608 976 ὃς
633 910 702 973 ἂν
727 911 908 972 αὐτῶν
930 915 1177 973 πλεῖστα
1204 913 1479 992 κατάσχῃ,
1498 916 1699 974 τοῦτον
1722 911 1959 989 προσδέ-

354 1000 560 1060 κεσθαί
577 1025 674 1060 τοι
708 999 1259 1077 ἐπαναστησόμενον.
1326 1005 1425 1062 νῦν
1456 999 1531 1062 ὦν
1560 1001 1805 1078 ποίησον
1834 996 1956 1071 ὦδε,

352 1087 404 1144 εἶ
427 1113 517 1146 τοι
542 1087 769 1165 ἀρέσκει
792 1088 868 1148 τὰ
899 1089 1006 1168 ἐγώ
1031 1089 1201 1170 λέγω·
1243 1089 1475 1151 κάτισον
1498 1092 1609 1150 τῶν
1632 1087 1957 1166 δορυφόρων

347 1175 444 1233 ἐπὶ
468 1175 694 1255 πάσῃσι
717 1180 856 1255 τῇσι
875 1174 1093 1256 πύλῃσι
1115 1176 1418 1253 φυλάκους,
1443 1176 1497 1237 οἳ
1521 1177 1797 1259 λεγόντων
1814 1175 1957 1253 πρός

350 1262 482 1325 τούς
509 1265 843 1341 ἐκφέροντας
871 1264 944 1323 τά
966 1263 1233 1343 χρήματα
1264 1264 1672 1342 ἀπαιρεόμενοι,
1700 1263 1771 1328 ὥς
1800 1271 1957 1340 σφεα

351 1347 664 1430 ἀναγκαίως
693 1353 807 1432 ἔχει
833 1351 1225 1427 δεκατευθῆναι
1255 1357 1333 1430 τῷ
1358 1352 1473 1412 Διΐ.
1528 1354 1621 1410 καὶ
1650 1351 1725 1410 σύ
1750 1377 1812 1410 τε
1842 1359 1956 1428 σφι

353 1434 458 1494 οὐκ
496 1435 840 1516 ἀπεχθήσεαι
871 1441 978 1518 βίῃ
1013 1438 1411 1516 ἀπαιρεόμενος
1446 1437 1519 1498 τά
1554 1438 1833 1517 χρήματα,
1862 1439 1955 1497 καὶ

351 1526 550 1584 ἐκεῖνοι
773 1527 928 1589 ὄντες
963 1527 1173 1586 ποιέειν
1208 1551 1280 1586 σε
1314 1527 1514 1596 δίκαια,
1550 1525 1761 1588 ἑκόντες
1794 1524 1954 1602 ποιή-

347 1611 572 1672 σουσι.”
650 1552 838 1674 &afim-a
877 1613 1090 1674 ἀκούων
1128 1613 1161 1674 ὁ
1197 1618 1385 1692 Κῦρος
1422 1613 1745 1692 ὑπερήδετο,
1786 1612 1859 1677 ὥς
1898 1617 1951 1674 οἱ
1968 1616 2047 1674 90

348 1700 530 1761 ἐδόκεε
563 1700 622 1762 εὖ
652 1701 1038 1763 ὑποτίθεσθαι·
1081 1703 1307 1767 αἰνέσας
1332 1703 1392 1763 δὲ
1415 1701 1632 1774 πολλὰ,
1664 1701 1755 1761 καὶ
1788 1707 1951 1763 ἐντει-

345 1788 587 1866 λάμενος
630 1794 785 1849 τοῖσι
827 1790 1195 1868 δορυφόροισι
1231 1790 1305 1851 τὰ
1346 1794 1596 1869 Κροῖσος
1632 1790 1951 1867 ὑπεθήκατο

347 1878 665 1951 ἐπιτελέειν,
694 1877 814 1937 εἶπε
837 1878 978 1955 πρὸς
1010 1882 1265 1956 Κροῖσον
1288 1879 1438 1939 τάδε·
1480 1890 1517 1917 “
1526 1883 1758 1957 Κροῖσε,
1787 1876 1951 1955 ἀναρ-

345 1966 586 2041 τημένου
613 1968 718 2025 σεῦ
749 1964 946 2043 ἀνδρός
968 1967 1249 2042 βασιλέος
1272 1967 1496 2046 χρηστοὶ
1522 1968 1659 2048 ἔργα
1693 1967 1785 2025 καὶ
1817 1967 1951 2024 ἔπεα

345 2053 568 2122 ποιέειν,
591 2052 742 2111 αἰτέο
767 2052 870 2128 τήν
890 2051 1049 2115 δόσιν
1068 2054 1139 2129 ἥν
1156 2078 1281 2114 τινα
1304 2054 1549 2129 βούλεαί
1571 2078 1661 2112 τοι
1682 2053 1947 2132 γενέσθαι

345 2138 708 2215 παραυτίκα·”
741 2139 774 2199 ὁ
801 2140 862 2199 δὲ
888 2140 1025 2199 εἶπε·
1061 2138 1149 2199 “ὧ
1176 2140 1440 2210 δέσποτα,
1470 2138 1643 2201 ἐάσας
1668 2163 1741 2214 με
1765 2144 1953 2217 χαριεῖ

343 2226 602 2303 μάλιστα
638 2226 740 2287 τᾶν
779 2228 908 2287 θεὸν
944 2232 1055 2288 τῶν
1092 2226 1381 2301 Ἑλλήνων
1417 2226 1519 2287 τᾶν
1558 2227 1800 2302 ἐτίμησα
1842 2226 1950 2307 ἐγώ

347 2314 486 2373 θεῶν
504 2315 760 2391 μάλιστα
780 2316 1100 2392 ἐπείρεσθαι
1125 2314 1425 2393 πέμψαντα
1444 2310 1617 2373 τάσδε
1642 2312 1743 2378 τάς
1762 2314 1947 2385 πέδας,

347 2405 396 2459 εἰ
423 2402 700 2471 ἐξαπατᾶν
719 2403 849 2465 τοῦς
877 2400 936 2461 εὖ
957 2406 1249 2465 ποιεῦντας
1276 2402 1445 2480 νόμος
1470 2403 1595 2461 ἔστι
1614 2403 1667 2461 οἱ
1686 2400 1733 2473 ;”
1762 2407 1950 2481 Κῦρος

346 2488 410 2547 δὲ
454 2491 630 2567 εἴρετο
670 2488 702 2549 ὅ
742 2514 798 2548 τι
845 2493 900 2548 οἱ
945 2495 1112 2550 τοῦτο
1162 2489 1509 2570 ἔπη-γορεύων
1554 2493 1945 2568 παραιτέοιτο;

347 2581 616 2652 Κροῖσος·
631 2577 694 2636 δέ
729 2580 782 2635 οἱ
819 2578 1211 2659 ἐπανηλόγησε
1245 2582 1437 2637 πᾶσαν
1466 2578 1571 2654 τήν
1603 2582 1801 2639 ἑωυτοῦ
1834 2579 1949 2639 διά-

346 2690 518 2734 νοιαν,
553 2665 646 2733 καὶ
676 2668 788 2724 τῶν
815 2666 1171 2753 χρηστηρίων
1202 2664 1303 2727 τάς
1341 2664 1688 2743 ὖποκρίσιας,
1722 2667 1813 2723 καὶ
1843 2666 1947 2741 μά·-

343 2754 519 2811 λιστα
551 2750 624 2812 τά
665 2743 1016 2829 ἀναθήματα,
1053 2754 1145 2811 καὶ
1183 2778 1255 2815 ως
1296 2753 1551 2828 ἐπαρθεὶς
1584 2757 1663 2831 τῷ
1700 2753 1947 2827 μαντηιω

344 2839 761 2916 ἐστρατεύσατο
807 2840 901 2899 ἐπὶ
948 2840 1197 2917 Πέρσας·
1245 2840 1427 2920 λέγων
1474 2839 1534 2898 δὲ
1570 2843 1746 2899 ταῦτα
1795 2840 1941 2898 κατέ

339 2928 508 3001 βαινε
544 2925 698 2990 αὖτις
733 2927 1166 3004 παραιτεόμενος
1198 2927 1412 2986 ἐπεῖναί
1441 2928 1494 2986 οἶ
1525 2930 1602 3005 τῷ
1634 2926 1741 3004 θεῷ
1770 2925 1947 3006 τούτῳ

341 3010 630 3073 ὀνειδίσαι·
659 3018 846 3091 Κΐρος
861 3014 920 3073 δὲ
933 3013 1185 3097 γελάσας
1203 3014 1339 3073 εἶπε·
1368 3025 1403 3050 “
1412 3014 1505 3071 καὶ
1519 3012 1717 3072 τούτου
1732 3010 1946 3081 τεύξεαι

340 3101 472 3177 παρ’
491 3106 639 3177 ἐμεῦ,
662 3106 896 3178 Κροῖσε,
915 3103 1009 3161 καὶ
1033 3100 1217 3161 ἄλλου
1236 3100 1446 3162 παντός
1471 3104 1571 3160 τοῦ
1596 3097 1665 3157 ἂν
1683 3098 1947 3159 ἑκάστοτε

341 3188 439 3267 δέῃ
447 3188 490 3246 .”
573 3188 644 3251 ὥς
675 3188 734 3247 δὲ
764 3194 940 3249 ταῦτα
964 3186 1175 3263 ἤκουσε
1206 3187 1239 3246 ὁ
1276 3191 1543 3262 Κροῖσος,
1572 3186 1804 3262 πέμπων
1836 3191 1946 3245 τῶν

342 3275 540 3334 Λυδῶν
581 3279 640 3337 ἐς
679 3274 960 3348 Δελφούς,
993 3274 1315 3334 ἐνετέλλετο
1352 3272 1606 3335 τιθέντας
1639 3272 1739 3337 τὰς
1777 3274 1947 3335 πέδας
