2250 3500
314 136 410 183 204
920 136 1288 187 ‘HPOAO'I'OT
1773 134 1906 200 [ῙῙῙ.

307 211 643 290 ἀλλόθροον,
689 218 1045 293 μηχανῶνται
1088 220 1327 295 πρῆγμα
1368 220 1424 279 ἐς
1469 213 1641 274 αὗτόν
1674 214 1906 274 τοιόνδε·

308 299 457 375 ἦσαν
486 306 563 379 τῷ
594 300 750 380 Φάνῃ
776 302 968 365 παῖδες
1005 307 1063 362 ἐν
1094 302 1360 383 Αἰγύπτῳ
1389 302 1907 378 καταλελειμμένοι·

308 388 437 450 τούς
475 387 776 470 ἀγαγόντες
818 395 873 453 ἐς
910 390 977 449 τό
1018 388 1400 467 στρατόπεδον
1436 388 1530 448 καὶ
1562 394 1618 451 ἐς
1655 388 1786 467 ὄψιν
1809 392 1910 448 τοῦ

310 474 536 551 πατρός,
574 480 822 553 κρητῆρα
854 476 1100 556 ἐνμέσῳ
1143 478 1391 552 ἔστησαν
1430 475 1762 553 ἀμφοτέρων
1800 481 1910 537 τῶν

312 565 719 640 στρατοπέδων·
758 564 903 642 μετὰ
932 564 1008 636 δὲ,
1038 564 1348 646 ἀγινέοντες
1381 564 1520 623 κατὰ
1549 564 1644 623 ἕνα
1672 564 1912 632 ἕκαστον

311 654 422 709 τῶν
462 652 671 713 παίδων
712 654 961 729 ἔσφαζον
994 658 1050 715 ἐς
1083 652 1183 712 τᾶν
1227 655 1494 729 κρητῆρα·
1557 651 1649 711 δισῖ
1691 651 1910 711 πάντων

314 737 373 797 δὲ
424 739 795 811 διεξελθόντες
851 743 960 800 τῶν
1020 741 1247 811 παίδων,
1302 739 1452 799 οἶνόν
1507 764 1570 799 τε
1623 739 1716 797 καὶ
1765 738 1908 816 ὕδωρ

317 827 622 905 ἐσεφόρεον
676 832 731 891 ἐς
782 826 966 887 αὐτόν·
1052 827 1342 904 ἐμπιόντες
1407 827 1466 885 δὲ
1522 830 1623 886 τοῦ
1676 827 1910 904 αἵματος

312 914 514 977 πάντες
538 918 593 973 οἱ
618 917 899 992 ἐπίκουροι
937 913 1077 979 οὕτω
1110 915 1179 990 δὴ
1216 915 1557 990 συνέβαλον.
1638 912 1826 993 μάχης
1851 914 1910 973 δὲ

313 1003 611 1081 γενομένης
662 1006 929 1079 καρτερῆς
983 1002 1076 1060 καὶ
1127 1001 1414 1061 πεσόντων
1465 1002 1529 1071 ἐξ
1577 1000 1910 1078 α’μφοτέρων

313 1092 423 1149 τῶν
474 1089 864 1166 στρατοπέδων
920 1087 1131 1164 πλήθεΐ
1197 1094 1445 1159 πολλῶν,
1499 1088 1803 1166 ἐτράποντο
1853 1092 1911 1151 οἶ

313 1175 626 1257 Αἰγύπτιοι.

224 1267 297 1324 12
396 1268 603 1342 Θῶυμα
648 1265 709 1325 δὲ
760 1266 907 1347 μέγα
944 1266 1063 1326 ’ίδον
1102 1265 1416 1343 πυθόμενος
1453 1266 1608 1345 παρὰ
1646 1269 1755 1325 τῶν
1794 1270 1910 1325 ἐπι-

317 1352 546 1431 χωρίων·
585 1357 698 1414 τῶν
726 1353 837 1435 γοῖρ
880 1353 1091 1414 ὀστέων
1116 1355 1557 1433 περικεχυμένων
1581 1354 1751 1433 χωρὶς
1790 1357 1909 1412 ἐκα-

314 1443 485 1519 τέρων
507 1446 619 1503 τῶν
654 1448 713 1503 ἐν
746 1446 819 1522 τῇ
858 1441 1017 1521 μάχῃ
1042 1441 1219 1520 ταύτῃ
1249 1440 1554 1501 πεσόντων·
1595 1442 1785 1520 (χωρὶς
1806 1444 1911 1518 μὲν

313 1529 423 1609 γὰρ
475 1534 586 1590 τῶν
631 1531 900 1607 Περσέων
951 1531 1134 1590 ἐκέετο
1172 1529 1246 1590 τὰ
1284 1528 1475 1600 ὀστέα,
1518 1528 1591 1592 ὥς
1630 1530 1910 1607 ἐχωρίσθη

317 1617 434 1676 κατ’
462 1616 654 1695 οἷρχοῖς,
686 1617 907 1693 ἑτέρωθι
945 1617 1005 1677 δὲ
1038 1622 1149 1677 τῶν
1185 1618 1541 1698 Αἰγυπτίων)
1585 1620 1644 1676 αἶ
1673 1619 1777 1694 μὲν
1799 1622 1910 1677 τῶν

314 1706 582 1782 Περσέων
608 1705 858 1781 κεφαλαί
881 1708 992 1763 εἰσι
1018 1702 1278 1769 ἀσθενέες
1303 1704 1458 1777 οὕτω,
1481 1704 1626 1766 ὥστε
1654 1709 1702 1765 εἰ
1728 1706 1910 1770 θέλεις

312 1792 486 1869 ψήφῳ
546 1791 725 1870 μούνῃ
790 1792 1025 1868 βαλέειν
1084 1792 1497 1870 διατετρανέεις·
1578 1797 1637 1852 αἱ
1689 1794 1749 1853 δὲ
1797 1798 1910 1854 τῶν

312 1880 627 1959 Αἰγυπτίων
661 1877 801 1939 οὕτω
833 1878 989 1954 δήτι
1032 1881 1277 1960 ἰσχυραὶ,
1308 1881 1474 1962 μόγις
1513 1878 1581 1941 ἂν
1611 1882 1753 1961 λίθῳ
1783 1886 1908 1940 παί-

315 1993 422 2031 σας
448 1967 808 2045 διαρρήξειας.
892 1967 1069 2028 αἶτιον
1108 1968 1169 2027 δὲ
1193 1967 1391 2028 τούτου
1425 1968 1552 2029 τόδε
1579 1971 1789 2050 ἔλεγον,
1817 1969 1908 2028 καὶ

318 2058 418 2133 ἐμέ
448 2055 501 2138 γ’
540 2056 803 2120 εὐπετέως
840 2057 1075 2116 ἔπειθον·
1118 2055 1206 2115 ὅτι
1236 2055 1534 2136 Αἰγύπτιοι
1572 2059 1677 2134 μὲν
1715 2055 1911 2117 αὐτίκα

312 2143 426 2205 οἷπὸ
461 2145 691 2205 παιδίων
723 2143 1021 2222 ἀρξάμενοι
1062 2144 1346 2221 ξυρεῦνται
1361 2207 1366 2212 ,
1379 2142 1481 2208 τοὶς
1516 2144 1784 2221 κεφαλὰς,
1819 2145 1912 2204 καὶ

312 2232 454 2310 πρός
503 2233 603 2293 τὸν
651 2231 817 2309 ἥλιον
869 2231 1174 2310 παχύνεται
1225 2231 1292 2291 τὰ
1347 2230 1566 2292 ὀστέον·
1631 2232 1808 2292 τῶυτό
1852 2233 1912 2292 δὲ

314 2325 480 2381 τοῦτο
508 2321 601 2379 καὶ
624 2324 725 2379 τοῦ
751 2318 833 2395 μή
870 2320 1308 2396 φαλακροῦσθαι
1345 2318 1523 2380 αἴτιόν
1559 2325 1703 2380 ἐστι·
1744 2325 1912 2402 Αἰγυ-

312 2407 484 2465 πτίων
536 2405 647 2486 γὰρ
702 2404 770 2464 ἄν
821 2431 905 2468 τις
959 2408 1298 2485 ἐλαχίστους
1349 2407 1522 2467 ἴδοιτο
1585 2409 1910 2486 φαλακροῦς

310 2493 530 2553 πάντων
581 2491 899 2568 ἀνθρώπων·
981 2494 1236 2554 τούτοισι
1287 2497 1392 2572 μὲν
1443 2495 1512 2571 δὴ
1565 2496 1734 2555 τοῦτό
1787 2501 1910 2556 ἐστι

312 2582 491 2641 αἴτιον
518 2578 751 2659 ἰσχυροῖς
779 2581 1001 2657 φορέειν
1025 2582 1127 2645 τὰς
1155 2582 1423 2659 κεφαλάς.
1497 2587 1653 2643 τοῖσι
1679 2583 1738 2641 δὲ
1765 2583 1909 2660 Πέρ-

310 2696 454 2750 σῃσι
507 2669 594 2730 ὅτι
646 2667 914 2732 ἀσθενέας
968 2671 1243 2748 φορέουσι
1279 2669 1383 2734 τὰς
1422 2671 1690 2745 κεφαλὰς,
1733 2671 1910 2730 αἴτιον

309 2759 455 2820 τόδε·
524 2759 964 2834 σκιητροφέουσι
1004 2758 1067 2827 ἐξ
1102 2757 1283 2837 ἀρχῆς
1331 2758 1534 2822 πίλους
1572 2757 1766 2836 τιάρας
1807 2764 1907 2835 φο-

310 2849 544 2924 ρέοντες.
624 2850 800 2906 ταῦτα
826 2846 929 2922 μέν
954 2871 1053 2906 νυν
1081 2850 1316 2906 τοιαῦτα
1341 2844 1503 2906 ἐόντα
1529 2846 1665 2906 ἴδον·
1705 2847 1825 2906 ἴδον
1849 2847 1910 2906 δὲ

312 2936 405 2992 καὶ
456 2933 611 2993 ἄλλα
663 2933 833 3010 ὁμοῖα
877 2932 1130 2994 τούτοισι
1184 2937 1243 2992 ἐν
1294 2933 1589 3010 Παπρήμι,
1635 2939 1746 2995 τῶν
1791 2932 1910 3011 ἅμα

307 3019 626 3098 Ἀχαιμένεϊ
674 3024 753 3100 τῷ
804 3021 1045 3098 Δαρείου
1098 3019 1512 3097 διαφθαρέντων
1557 3021 1670 3082 abra
1714 3021 1911 3100 Ἰνάρω

307 3110 407 3164 τοῦ
432 3107 668 3182 Λίβυος.

218 3189 323 3245 13.
391 3195 465 3248 Οἱ
518 3193 578 3251 δὲ
627 3195 927 3273 Αἰγύπτιοι
986 3197 1048 3251 ἐκ
1097 3195 1200 3267 τῆς
1251 3192 1454 3273 μάχης,
1515 3194 1589 3259 ὥς
1643 3197 1906 3276 ἐτράπον-

311 3297 395 3339 το,
448 3276 685 3352 ἔφευγον
736 3279 915 3337 οὐδενὶ
968 3278 1184 3355 κόσμῳ.
1267 3282 1701 3356 κατειληθέντων
1747 3285 1806 3344 δὲ
1851 3290 1909 3348 ἐς
