2250 3500
330 70 551 138 37—39]
1002 77 1274 127 omnm.
1831 74 1928 125 219

325 150 387 211 δὲ
413 150 483 228 δή
511 153 605 212 καὶ
626 156 729 213 τοῦ
752 152 1081 228 Ἡφαίστου
1104 154 1174 215 τό
1201 153 1321 230 ἶρόν
1345 151 1506 229 ἦλθε,
1528 151 1835 213 καὶπολλὰ
1853 156 1932 232 τῷ

323 236 636 347 ἆγάλματιΛ
638 241 1003 320 κατεγέλασε·
1042 242 1196 317 (ἔστι
1235 240 1294 301 δὲ
1329 244 1431 301 τοῦ
1468 240 1794 317 Ἡφαίστου
1823 238 1926 301 τῶ-

321 332 521 406 γαλμα
544 332 705 388 τοῖσι
723 328 1092 405 Φοινικηιοισι
1118 332 1460 388 Παταΐκοῖσι
1487 329 1924 406 ἐμφερέστατον,

321 440 454 477 τους
480 418 533 475 οἶ
558 416 857 480 Φοίνικες’
832 442 891 475 εν
913 420 1051 495 τῇσι
1059 416 1334 525 πρώρῃσι
1359 420 1468 475 τῶν
1492 415 1756 494 τριήρεων
1773 442 1924 527 περι·

323 500 549 584 α’γουσι·
576 530 639 567 ος
665 503 724 562 δὲ
742 528 971 567 τουτους
992 503 1074 580 μὴ
1097 503 1331 575 ὀπώπεε,
1355 508 1464 583 ἐγω
1445 503 1546 562 δέ
1570 506 1623 562 οἶ
1643 504 1922 580 σημανέω·

321 591 607 670 πυγμαίου
646 589 843 669 ἀνδρός
878 591 1118 668 μίμησίς
1155 590 1321 671 ἐστι.)
1393 592 1606 667 ἐσῆλθε
1643 590 1704 650 δὲ
1738 591 1830 649 καὶ
1869 594 1925 656 ἐς

320 680 435 737 τῶν
460 679 757 756 Καβείρων
780 677 849 739 τό
876 678 1011 755 ἶρόν,
1040 684 1097 743 ἐς
1119 678 1188 740 τὸ
1215 678 1282 740 οὗ
1309 678 1538 757 θεμιτόν
1564 684 1688 740 ἐστι
1713 679 1922 739 ἐσιέναι

322 762 507 827 ἄλλον
541 791 610 847 γε
648 764 687 841 ἢ
725 766 825 827 τόν
866 768 1003 843 ἱρέα·
1055 770 1234 827 ταῦτα
1274 766 1336 827 δὲ
1371 767 1446 827 ταῖ
1487 766 1791 848 ἀγάλματα
1828 767 1921 825 καὶ

323 851 613 930 ἐνέπρησε,
653 853 848 913 πολλὰ
891 854 1284 933 κατασκώψας.
1353 855 1476 915 ἔστι
1515 854 1576 915 δὲ
1614 856 1708 914 καὶ
1745 858 1921 917 ταῦτα

321 937 493 1015 ὁμοῖα
522 945 623 1001 τοῦ
656 940 998 1017 Ἡφαίστου·
1038 941 1242 1002 τούτου
1277 942 1342 1003 δέ
1375 948 1559 1019 σφεας
1591 942 1791 1007 παῖδας
1824 943 1916 1003 λέ-

320 1052 491 1107 γουσι
526 1028 683 1089 εἶναι.
752 1032 1027 1109 Πανταχῆ
1056 1028 1131 1090 ὦν
1153 1056 1255 1108 μοι
1291 1030 1440 1107 δῆλά
1464 1036 1589 1092 ἐστι
1619 1031 1706 1092 ὅτι
1742 1030 1918 1109 ἐμάνη
1936 1034 2013 1093 38

320 1115 581 1196 μεγάλως
614 1116 649 1177 ὁ
682 1116 1027 1195 Καμβύσης·
1068 1116 1135 1178 οὖ
1170 1117 1280 1199 γοὶρ
1306 1117 1376 1179 ἂν
1403 1119 1582 1197 ἱροῖσί
1606 1145 1668 1180 τε
1706 1121 1799 1179 καὶ
1829 1146 1918 1181 νο-

319 1204 542 1279 μαίοισι
581 1207 909 1285 ἐπεχείρησε
950 1210 1285 1287 καταγελᾶν·
1328 1210 1378 1266 εἷ
1415 1206 1525 1288 γάρ
1560 1232 1646 1271 τις
1683 1208 1918 1286 προθείη

319 1294 469 1352 πᾶσι
506 1292 853 1371 ἀνθρώποισι
894 1294 1235 1363 ἐκλέξασθαι
1274 1293 1511 1355 κελεύων
1550 1294 1753 1371 νόμους
1785 1295 1916 1359 τοῦς

322 1380 664 1445 καλλίστους
688 1386 750 1441 ἐκ
773 1385 884 1443 τῶν
910 1380 1129 1441 πάντων
1154 1379 1354 1456 νόμων,
1381 1380 1817 1459 διασκεψάμενοι
1848 1379 1920 1441 ἂν

322 1467 545 1528 ἑλοίατο
578 1469 807 1529 ἔκαστοι
834 1469 965 1533 τοῦς
1000 1470 1229 1527 ἑωυτῶν·
1273 1467 1414 1528 οὕτω
1449 1468 1742 1544 νομίζουσι
1766 1467 1918 1528 πολύ

319 1580 377 1614 τι
418 1557 760 1620 καλλίστους
799 1554 930 1619 τοῦς
974 1558 1187 1615 ἑωυτῶν
1232 1553 1435 1632 νόμους
1481 1557 1710 1616 ἔκαστοι
1757 1555 1917 1615 εἶναι·

322 1640 496 1703 οὔκων
530 1644 678 1708 οἰκός
708 1649 833 1704 ἐστι
872 1641 1054 1703 ἄλλον
1087 1668 1158 1724 γε
1198 1642 1337 1721 δη
1302 1670 1340 1720 η
1367 1642 1702 1721 μαινόμενον
1742 1643 1916 1722 ανδρα

318 1731 539 1811 γέλωτα
562 1759 635 1793 τα
657 1736 887 1794 τοιαῦτα
911 1731 1189 1794 τίθεσθαι.
1249 1730 1320 1798 ῶς
1344 1732 1405 1793 δὲ
1431 1759 1572 1793 ουτω
1591 1733 1916 1812 νενομίκασι

318 1843 392 1877 τα
424 1819 553 1897 περὶ
582 1844 716 1884 τους
748 1818 953 1897 νόμους
988 1823 1041 1879 οἶ
1076 1819 1281 1885 πάντες
1315 1819 1611 1899 ἅνθρωποι,
1637 1821 1920 1882 πολλοῖσί

317 1930 382 1966 τε
407 1907 499 1967 καὶ
526 1904 760 1967 ἄλλοισι
791 1907 1144 1985 τεκμηρίοισι
1181 1908 1420 1984 πάρεστι
1445 1909 1914 1986 σταθμώσασθαι,

321 1997 381 2053 ἐν
415 1994 475 2054 δὲ
508 1993 577 2072 δή
614 1994 707 2055 καὶ
740 1994 897 2074 τῷδε·
940 1997 1180 2072 Δαρεῖος
1221 1995 1313 2052 ἐπὶ
1353 1999 1455 2072 τῆς
1492 1998 1694 2054 ἑωυτοῦ
1734 1995 1914 2073 α’ρχῆς

320 2083 568 2146 καλέσας
594 2081 884 2159 Ἑλλήνων
916 2081 1047 2145 τοῦς
1078 2080 1386 2160 παρεόντας
1421 2081 1597 2157 εἴρετο
1637 2081 1730 2140 ἐπὶ
1763 2081 1915 2160 κόσῳ

319 2167 389 2230 ἂν
411 2171 660 2250 χρήματι
683 2170 995 2247 βουλοίατο
1028 2168 1160 2233 τοῦς
1188 2169 1430 2246 πατέρας
1455 2167 1915 2246 ἀποθνήσκοντας

320 2260 785 2328 κατασιτέεσθαι;
839 2261 893 2318 οἱ
933 2257 993 2317 δὲ
1032 2255 1119 2316 ἐπ’
1154 2255 1332 2316 οὐδενὶ
1371 2257 1596 2334 ἔφασαν
1635 2257 1810 2334 ἔρδειν
1847 2253 1917 2317 ἂν

318 2349 504 2407 τοῦτο·
547 2349 783 2424 Δαρεῖος
812 2345 873 2405 δὲ
905 2344 1050 2423 μετοὶ
1084 2348 1263 2405 ταῦτα
1299 2345 1546 2409 καλέσας
1570 2343 1756 2406 Ἰνδῶν
1785 2343 1917 2409 τοῦς

320 2435 687 2510 καλεομένους
713 2434 1060 2503 Καλλατίας,
1083 2431 1138 2492 οἲ
1162 2432 1293 2497 τοῦς
1315 2434 1514 2516 γονέας
1533 2433 1913 2504 κατεσθίουσι,

320 2521 514 2599 εἴρετο,
561 2520 876 2600 παρεόντων
920 2524 1029 2581 τῶν
1068 2519 1360 2596 Ἑλλήνων
1406 2521 1499 2581 καὶ
1543 2520 1614 2581 δι’
1656 2523 1917 2600 ἑρμηνέος

316 2608 705 2686 μανθανόντων
728 2609 801 2670 ταῖ
825 2608 1121 2689 λεγόμενα,
1150 2610 1245 2668 ἐπὶ
1272 2609 1382 2670 τίνι
1405 2609 1656 2689 χρήματι
1679 2607 1916 2679 δεξαίατ’

318 2693 390 2757 ἂν
412 2698 797 2760 τελευτέοντας
821 2697 949 2760 τοῦς
973 2697 1216 2774 πατέρας
1241 2697 1557 2756 κατακαίειν
1580 2695 1720 2772 πυρί
1732 2720 1748 2764 ;
1782 2698 1835 2753 οἳ.
1855 2695 1915 2754 δὲ

318 2782 693 2863 α’μβώσαντες
714 2785 864 2866 μέγα
890 2782 1188 2861 εὖφημέειν
1204 2810 1303 2862 μιν
1322 2784 1596 2842 ἐκέλευον.
1655 2780 1795 2842 οὕτω
1812 2781 1917 2859 μέν

318 2897 416 2932 νυν
431 2876 607 2933 ταῦτα
626 2871 969 2949 νενόμισται·
1003 2873 1094 2930 καὶ
1121 2870 1298 2948 ὀρθῶς
1317 2895 1416 2946 μοι
1436 2869 1612 2928 δοκέει
1640 2868 1918 2944 Πίνδαρος

318 2962 573 3036 ποιῆσαι,
614 2964 908 3020 NOMON
956 2962 1285 3018 ΠΑΝΤΩΝ
1332 2957 1670 3020 ΒΑΣΙΛΕΑ
1723 2955 1917 3033 φήσας

320 3045 477 3107 εἶναι.

400 3135 733 3213 Καμβύσεω
762 3135 823 3194 δὲ
856 3133 941 3194 ἐπ’
968 3135 1257 3216 Αἴγυπτον
1281 3131 1739 3209 στρατευομένου,
1767 3135 1916 3190 ἐποι-
1934 3132 2010 3190 39

316 3220 535 3298 ήσαντο
572 3224 665 3283 καὶ
697 3221 1125 3301 Λακεδαιμόνιοι
1160 3219 1466 3299 στρατηΐην
1502 3219 1596 3278 ἐπὶ
1632 3217 1826 3298 Σάμον
1855 3242 1920 3278 τε
